1849 3239
897 87 974 126 187

186 221 341 266 delere,
367 221 558 273 quiequid
582 223 623 261 in
648 223 821 263 Ecclesia
844 221 1152 261 Romanensium
1179 229 1317 261 eontra
1342 222 1552 261 manifesta
1569 229 1689 274 atquc

185 290 334 330 diserta
373 291 466 330 novi
505 291 678 331 foederis
707 292 934 331 testimonia
965 292 1253 331 introduxisset
1284 290 1469 335 Satanas,
1499 298 1540 330 et
1569 293 1610 330 in
1640 293 1688 331 iis

185 359 369 398 omnibus
407 361 660 400 consentiant
700 362 962 406 unanimiter,
1002 361 1052 400 dc
1093 361 1238 412 quibus
1278 368 1413 412 aperte
1444 361 1590 400 veteris
1621 362 1687 400 Ee-

184 428 326 467 clesiae
365 441 449 467 mos
485 436 525 468 et
561 431 807 486 consuetudo
843 431 883 469 in
914 431 1006 469 novi
1037 431 1210 469 foederis
1239 430 1352 469 libris
1381 429 1496 468 nobis
1526 437 1688 481 prostat.

185 495 283 542 Quia
306 503 438 536 tamen
456 498 614 536 nonnisi
633 498 810 536 nubilam
828 498 1109 550 turbidamque
1126 498 1247 537 huius
1264 499 1458 538 Ecclesiae
1475 499 1688 550 imaginem

182 565 350 605 historia
372 566 485 605 nobis
501 567 749 618 suppeditat,
775 568 886 606 euius
908 568 1051 606 ductus
1075 581 1118 606 ac
1142 568 1384 607 lineamenta
1406 568 1472 607 vix
1494 581 1538 607 ae
1555 581 1604 607 ne
1623 574 1687 608 vix

184 635 344 685 quidem
362 635 589 674 discernere
607 648 749 686 queas,
776 648 877 687 quae
904 643 1036 674 tamen
1062 636 1101 674 in
1125 648 1193 673 sua
1212 635 1384 674 Ecclesia
1401 643 1582 675 accurate
1599 649 1688 676 exa-

183 717 272 742 rare
295 710 334 743 et
351 703 520 744 definire
542 704 743 743 debebant
759 704 1075 749 Reformatores,
1100 706 1218 756 longe
1243 705 1441 743 diversam
1457 718 1549 744 mox
1565 705 1688 744 Calvi·

184 785 258 811 nus
287 780 327 812 et
357 775 378 811 a
409 772 532 812 Lasco
561 774 731 825 ingressi
762 781 855 813 sunt
885 775 1010 818 viam,
1049 774 1118 812 ubi
1157 781 1263 812 certa
1304 773 1512 826 Euangelii
1543 775 1688 813 amussi

148 825 154 833 ²
183 842 388 881 destitutis
404 843 564 894 proprio
579 850 707 882 marte
726 844 764 881 in
780 842 952 882 Ecclesia
971 844 1252 882 constituenda
1269 843 1607 895 progrediendum
1623 843 1688 882 de-

182 911 276 950 hinc
306 912 354 950 iis
380 919 477 951 erat.
522 911 680 951 Etenim
712 913 836 951 sensit
866 914 887 951 a
913 911 1056 957 Laseo,
1088 925 1188 963 quae
1219 914 1260 950 in
1291 912 1512 964 Euangelio
1542 912 1690 964 absque

183 987 290 1019 certa
321 980 558 1020 definitione
588 983 868 1033 praetermissa
899 989 1034 1026 erant,
1065 983 1224 1021 nonnisi
1250 995 1298 1021 ex
1329 983 1451 1033 ipsius
1481 981 1689 1033 Euangelii

184 1049 388 1102 principiis
432 1051 650 1103 supplenda
695 1064 796 1094 esse,
842 1064 972 1102 neque
1012 1051 1172 1090 aliunde
1212 1051 1253 1088 in
1293 1050 1439 1089 Christi
1477 1050 1691 1090 Ecclesiam

184 1119 393 1157 transferri
424 1132 558 1171 posse,
598 1132 721 1171 quae,
760 1133 780 1158 a
821 1119 966 1158 Christi
998 1120 1141 1171 spiritu
1171 1120 1432 1164 alienissima,
1470 1121 1593 1171 ipsius
1622 1118 1691 1158 Ee-

185 1188 327 1226 clesiac
367 1188 492 1227 indoli
531 1201 784 1240 summopere
825 1188 1041 1227 officerent.
1099 1187 1286 1226 Calvinus
1325 1201 1345 1227 e
1375 1189 1577 1227 contrario
1616 1188 1693 1227 fixa

184 1263 350 1307 rataque
391 1257 511 1294 etiam
552 1257 593 1295 in
624 1256 824 1296 Ecclesiae
856 1257 1078 1296 Christiana
1118 1259 1322 1309 opinatus,
1362 1270 1623 1309 quaecunque
1653 1258 1693 1296 in

186 1325 312 1363 veteri
342 1324 612 1365 Israelitarum
642 1327 871 1365 oeconomia
902 1327 1038 1367 divino
1069 1328 1178 1366 iussu
1214 1328 1399 1366 instituta
1429 1335 1544 1366 erant
1574 1334 1694 1378 atque

187 1393 391 1438 ordinata,
430 1395 606 1434 infausto
649 1397 779 1435 omine
820 1409 888 1434 sua
927 1397 1073 1435 iterum
1104 1396 1270 1435 sancivit
1301 1397 1539 1435 auctoritate
1570 1397 1694 1448 plera-

185 1475 283 1514 que,
323 1475 424 1515 quae
464 1463 505 1501 in
545 1462 854 1502 Romanensium
896 1462 1071 1502 Ecclesia
1110 1463 1298 1503 Iudaismi
1331 1465 1496 1516 vestigia
1536 1477 1695 1516 supere-

185 1539 288 1571 rant.
344 1531 415 1571 Dei
455 1533 708 1571 sanctitatem
744 1534 878 1585 potius
918 1546 1035 1584 quam
1076 1533 1256 1572 divinum
1291 1535 1376 1573 eius
1406 1546 1578 1574 amorem
1609 1546 1694 1585 pre-

173 1597 295 1640 'mcre
335 1602 457 1647 solet;
496 1602 713 1654 legalitatis
752 1603 990 1654 principium
1022 1609 1062 1641 et
1093 1604 1262 1655 scriptae
1293 1603 1452 1642 litterae
1484 1603 1695 1642 auetorita-

188 1678 268 1710 tem
309 1684 403 1723 prae
443 1671 568 1710 libera
610 1672 774 1724 spiritus
814 1672 1080 1723 explicatione
1111 1673 1275 1717 extulit3
1316 1673 1580 1717 indivulsum,
1619 1685 1697 1724 quo

187 1753 275 1780 cum
317 1739 475 1780 Christo
514 1740 691 1780 Ecclesia
730 1742 943 1780 coniuncta
974 1748 1056 1785 est,
1094 1754 1242 1780 nexum
1273 1754 1411 1795 parum
1441 1742 1602 1780 omnino
1632 1755 1697 1780 cu-

188 1818 270 1856 rat;
309 1810 426 1849 unice
467 1810 550 1850 sere
591 1824 612 1849 a
652 1817 764 1862 parte
801 1810 872 1849 Dei
903 1809 1120 1849 Ecclesiam
1150 1814 1553 1863 spectat‚'tanquam
1586 1812 1697 1850 insti-

190 1887 321 1919 tutum
361 1893 382 1918 a
421 1878 503 1918 Deo
542 1880 659 1918 nobis
698 1881 954 1932 impositum,
995 1881 1173 1919 externis
1213 1881 1461 1932 potissimum
1505 1881 1611 1920 notis
1650 1881 1698 1920 ab

189 1950 276 1988 aliis
306 1949 640 2001 dignoscendum;
672 1951 794 1989 sacris
825 1950 1049 1989 actionibus
1078 1951 1288 2002 mysticam
1328 1951 1526 2002 quandam
1557 1950 1699 1989 tribuit

190 2020 401 2064 virtutem;
433 2033 454 2058 a
485 2021 593 2058 lai'eis
624 2020 746 2072 probe
787 2020 1022 2059 distinctum
1051 2020 1326 2058 ministrorum
1367 2020 1548 2059 ordinem
1588 2020 1699 2058 insti-

190 2089 292 2133 tuit,
332 2089 420 2139 qui,
459 2087 530 2126 Dei
570 2089 790 2127 voluntatis
820 2090 860 2127 in
895 2089 1046 2127 mundo
1086 2101 1255 2140 organa,
1294 2089 1428 2128 divina
1458 2090 1607 2128 virtute
1639 2102 1698 2128 or-

190 2158 296 2202 nati,
335 2158 570 2209 ingentique
610 2158 650 2196 in
681 2158 827 2196 divinis
858 2165 1055 2209 potestate
1088 2158 1276 2209 praediti,
1309 2157 1524 2197 Ecclesiam
1556 2158 1698 2210 guber-

190 2233 355 2270 narent,
394 2227 571 2278 ipsorum
611 2226 789 2265 fidelium
820 2227 929 2265 nulla
960 2227 1042 2265 sere
1075 2228 1236 2265 omnino
1267 2228 1421 2266 ratione
1453 2228 1493 2266 in
1525 2227 1699 2266 Ecclesia

192 2295 348 2340 habita;
380 2295 556 2334 divinam
586 2308 706 2347 porro
737 2295 811 2333 sub
841 2302 1012 2347 utroque
1043 2297 1203 2335 socdere
1230 2297 1446 2335 revelatam
1471 2297 1584 2335 nobis
1611 2297 1698 2336 doe-

193 2365 339 2403 trinam
379 2377 515 2403 omnes
555 2365 695 2415 utique
734 2363 933 2403 Ecclesiae
975 2365 1101 2403 socios
1141 2365 1219 2404 fide
1251 2366 1434 2417 amplecti
1464 2366 1599 2410 iussit,
1638 2374 1699 2411 et,

194 2447 243 2473 ne
288 2435 514 2486 ignorantia
560 2434 871 2477 obtenderetur,
915 2435 988 2485 ipsi
1029 2436 1247 2486 scripturae
1286 2435 1570 2474 catechismum
1608 2448 1700 2474 mox

195 2503 425 2547 substituit,
464 2503 531 2554 qui
571 2503 756 2541 omnibus
796 2503 983 2555 parabilis
1014 2505 1162 2543 nullius
1198 2513 1355 2557 captum
1395 2512 1620 2557 superarct;
1660 2507 1699 2544 in

195 2571 370 2610 Ecclesia
410 2572 666 2623 peculiariter
706 2573 905 2611 ordinavit
945 2573 1150 2618 doctores,
1189 2575 1255 2625 qui
1295 2572 1516 2613 doctrinam
1548 2575 1700 2613 excole-

196 2648 304 2685 rcnt;
333 2640 454 2679 huius
484 2641 690 2680 doctrinae
723 2642 1015 2693 praedicatores
1045 2656 1137 2694 prae
1169 2644 1333 2694 reliquis
1363 2643 1557 2682 Ecclesiae
1588 2645 1702 2682 mini-

197 2710 290 2749 stris
318 2711 436 2761 longe
468 2711 567 2748 solet
606 2711 770 2756 efferrc;
810 2712 896 2750 eius
935 2713 1152 2763 puritatem
1192 2713 1432 2764 rigidissimo
1472 2713 1701 2765 disciplinae

198 2792 270 2817 usu
297 2780 443 2818 salvam
471 2785 625 2824 tuetur,
651 2787 691 2819 et
718 2781 851 2832 gladio
877 2788 1002 2820 armat
1027 2783 1328 2834 magistratum,
1358 2789 1402 2820 ut
1423 2783 1523 2834 legis
1545 2783 1703 2821 divinae

199 2855 515 2900 contemptorem
551 2850 678 2900 eapite
719 2851 886 2901 plectat;
927 2858 1078 2889 tantam
1118 2852 1157 2890 in
1190 2852 1376 2890 universo
1407 2852 1512 2890 civili
1543 2853 1703 2903 politiae

198 2917 240 2956 in
269 2917 483 2956 Ecclesiam
515 2917 657 2958 tribuit
687 2918 963 2965 efficientiam,
998 2927 1064 2966 ut,
1100 2920 1198 2973 quid
1229 2935 1249 2959 a
1281 2920 1515 2962 Theocratia
1545 2922 1705 2975 proprio
