<?xml version="1.0" encoding="UTF-8"?>
<!DOCTYPE html PUBLIC "-//W3C//DTD XHTML 1.0 Transitional//EN"
    "http://www.w3.org/TR/xhtml1/DTD/xhtml1-transitional.dtd">
<html xmlns="http://www.w3.org/1999/xhtml" xml:lang="en" lang="en">
 <head>
  <title>
</title>
<meta http-equiv="Content-Type" content="text/html;charset=utf-8" />
  <meta name='ocr-system' content='tesseract 3.04.00' />
  <meta name='ocr-capabilities' content='ocr_page ocr_carea ocr_par ocr_line ocrx_word'/>
</head>
<body>
  <div class='ocr_page' id='page_1' title='image "./disquisitiohisto00kuyp_0167.png"; bbox 0 0 1849 3239; ppageno 0'>
   <div class='ocr_carea' id='block_1_1' title="bbox 765 105 842 146">
    <p class='ocr_par' dir='ltr' id='par_1_1' title="bbox 765 105 842 146">
     <span class='ocr_line' id='line_1_1' title="bbox 765 105 842 146; baseline -0.013 0"><span class='ocrx_word' id='word_1_1' title='bbox 765 105 842 146; x_wconf 76' lang='lat'><em>147</em></span> 
     </span>
    </p>
   </div>
   <div class='ocr_carea' id='block_1_2' title="bbox 61 237 1556 1328">
    <p class='ocr_par' dir='ltr' id='par_1_2' title="bbox 61 237 1556 1328">
     <span class='ocr_line' id='line_1_2' title="bbox 64 237 1546 293; baseline -0.003 -13"><span class='ocrx_word' id='word_1_2' title='bbox 64 242 120 280; x_wconf 81' lang='lat' dir='ltr'><em>bis</em></span> <span class='ocrx_word' id='word_1_3' title='bbox 156 241 321 292; x_wconf 74' lang='lat' dir='ltr'><em>Apostoli</em></span> <span class='ocrx_word' id='word_1_4' title='bbox 349 245 383 280; x_wconf 88' lang='lat' dir='ltr'><em>et</em></span> <span class='ocrx_word' id='word_1_5' title='bbox 411 240 700 293; x_wconf 72' lang='lat' dir='ltr'><em>Euanqelistae,</em></span> <span class='ocrx_word' id='word_1_6' title='bbox 731 245 764 279; x_wconf 89' lang='lat' dir='ltr'><em>et</em></span> <span class='ocrx_word' id='word_1_7' title='bbox 791 241 896 279; x_wconf 87' lang='lat' dir='ltr'><em>Petri</em></span> <span class='ocrx_word' id='word_1_8' title='bbox 923 240 968 279; x_wconf 90' lang='lat' dir='ltr'><em>de</em></span> <span class='ocrx_word' id='word_1_9' title='bbox 999 239 1145 278; x_wconf 74' lang='lat' dir='ltr'><em>Christo</em></span> <span class='ocrx_word' id='word_1_10' title='bbox 1174 237 1405 289; x_wconf 82' lang='lat' dir='ltr'><em>consessione</em></span> <span class='ocrx_word' id='word_1_11' title='bbox 1432 238 1546 277; x_wconf 81' lang='lat' dir='ltr'><em>veluti</em></span> 
     </span>
     <span class='ocr_line' id='line_1_3' title="bbox 62 307 1544 361; baseline -0.003 -12"><span class='ocrx_word' id='word_1_12' title='bbox 62 311 104 349; x_wconf 88' lang='lat' dir='ltr'><em>in</em></span> <span class='ocrx_word' id='word_1_13' title='bbox 140 322 232 349; x_wconf 86' lang='lat' dir='ltr'><em>nuce</em></span> <span class='ocrx_word' id='word_1_14' title='bbox 271 310 484 349; x_wconf 77' lang='lat' dir='ltr'><em>summatim</em></span> <span class='ocrx_word' id='word_1_15' title='bbox 521 310 865 361; x_wconf 75' lang='lat' dir='ltr'><em>comprehenditur,</em></span> <span class='ocrx_word' id='word_1_16' title='bbox 895 309 1087 348; x_wconf 77' lang='lat' dir='ltr'><em>Ecclesiae</em></span> <span class='ocrx_word' id='word_1_17' title='bbox 1116 308 1226 347; x_wconf 88' lang='lat' dir='ltr'><em>sociis</em></span> <span class='ocrx_word' id='word_1_18' title='bbox 1255 307 1410 346; x_wconf 86' lang='lat' dir='ltr'><em>assidua</em></span> <span class='ocrx_word' id='word_1_19' title='bbox 1434 318 1544 358; x_wconf 87' lang='lat' dir='ltr'><em>prae-</em></span> 
     </span>
     <span class='ocr_line' id='line_1_4' title="bbox 62 377 1547 430; baseline -0.003 -13"><span class='ocrx_word' id='word_1_20' title='bbox 62 378 248 417; x_wconf 85' lang='lat' dir='ltr'><em>dicatione</em></span> <span class='ocrx_word' id='word_1_21' title='bbox 275 379 482 418; x_wconf 81' lang='lat' dir='ltr'><em>annuntiet.</em></span> <span class='ocrx_word' id='word_1_22' title='bbox 539 379 665 430; x_wconf 81' lang='lat' dir='ltr'><em>Aquae</em></span> <span class='ocrx_word' id='word_1_23' title='bbox 689 391 804 429; x_wconf 91' lang='lat' dir='ltr'><em>porro</em></span> <span class='ocrx_word' id='word_1_24' title='bbox 833 378 1008 417; x_wconf 87' lang='lat' dir='ltr'><em>tinctione</em></span> <span class='ocrx_word' id='word_1_25' title='bbox 1036 378 1076 416; x_wconf 88' lang='lat' dir='ltr'><em>in</em></span> <span class='ocrx_word' id='word_1_26' title='bbox 1106 377 1360 429; x_wconf 85' lang='lat' dir='ltr'><em>baptismo</em></span> <span class='ocrx_word' id='word_1_27' title='bbox 1391 379 1547 414; x_wconf 86' lang='lat' dir='ltr'><em>testatur</em></span> 
     </span>
     <span class='ocr_line' id='line_1_5' title="bbox 62 446 1548 499; baseline -0.003 -13"><span class='ocrx_word' id='word_1_28' title='bbox 62 447 169 486; x_wconf 87' lang='lat' dir='ltr'><em>nobis</em></span> <span class='ocrx_word' id='word_1_29' title='bbox 202 447 303 487; x_wconf 85' lang='lat' dir='ltr'><em>Deus</em></span> <span class='ocrx_word' id='word_1_30' title='bbox 338 453 507 487; x_wconf 85' lang='lat' dir='ltr'><em>nostram</em></span> <span class='ocrx_word' id='word_1_31' title='bbox 544 448 585 486; x_wconf 86' lang='lat' dir='ltr'><em>in</em></span> <span class='ocrx_word' id='word_1_32' title='bbox 623 446 816 486; x_wconf 75' lang='lat' dir='ltr'><em>Ecclesiae</em></span> <span class='ocrx_word' id='word_1_33' title='bbox 855 459 987 499; x_wconf 84' lang='lat' dir='ltr'><em>corpus</em></span> <span class='ocrx_word' id='word_1_34' title='bbox 1019 447 1256 491; x_wconf 74' lang='lat' dir='ltr'><em>insitionem,</em></span> <span class='ocrx_word' id='word_1_35' title='bbox 1295 449 1329 484; x_wconf 90' lang='lat' dir='ltr'><em>et</em></span> <span class='ocrx_word' id='word_1_36' title='bbox 1358 458 1385 484; x_wconf 91' lang='lat' dir='ltr'><em>s.</em></span> <span class='ocrx_word' id='word_1_37' title='bbox 1415 455 1548 482; x_wconf 86' lang='lat' dir='ltr'><em>coenae</em></span> 
     </span>
     <span class='ocr_line' id='line_1_6' title="bbox 61 514 1546 569; baseline -0.003 -14"><span class='ocrx_word' id='word_1_38' title='bbox 61 529 152 561; x_wconf 80' lang='lat' dir='ltr'><em>usu,</em></span> <span class='ocrx_word' id='word_1_39' title='bbox 181 517 270 555; x_wconf 73' lang='lat' dir='ltr'><em>(lum</em></span> <span class='ocrx_word' id='word_1_40' title='bbox 298 518 372 569; x_wconf 76' lang='lat' dir='ltr'><em>fide</em></span> <span class='ocrx_word' id='word_1_41' title='bbox 401 517 434 555; x_wconf 89' lang='lat' dir='ltr'><em>ei</em></span> <span class='ocrx_word' id='word_1_42' title='bbox 458 516 755 568; x_wconf 75' lang='lat' dir='ltr'><em>participamur,</em></span> <span class='ocrx_word' id='word_1_43' title='bbox 785 522 952 555; x_wconf 83' lang='lat' dir='ltr'><em>nostram</em></span> <span class='ocrx_word' id='word_1_44' title='bbox 981 529 1062 555; x_wconf 83' lang='lat' dir='ltr'><em>cum</em></span> <span class='ocrx_word' id='word_1_45' title='bbox 1089 515 1236 554; x_wconf 78' lang='lat' dir='ltr'><em>Christo</em></span> <span class='ocrx_word' id='word_1_46' title='bbox 1261 514 1363 553; x_wconf 87' lang='lat' dir='ltr'><em>Dom.</em></span> <span class='ocrx_word' id='word_1_47' title='bbox 1389 524 1546 552; x_wconf 86' lang='lat' dir='ltr'><em>commu·</em></span> 
     </span>
     <span class='ocr_line' id='line_1_7' title="bbox 62 582 1548 636; baseline -0.002 -12"><span class='ocrx_word' id='word_1_48' title='bbox 62 587 217 625; x_wconf 83' lang='lat' dir='ltr'><em>nioncm·</em></span> <span class='ocrx_word' id='word_1_49' title='bbox 247 586 400 625; x_wconf 79' lang='lat' dir='ltr'><em>coelitus</em></span> <span class='ocrx_word' id='word_1_50' title='bbox 436 586 542 624; x_wconf 85' lang='lat' dir='ltr'><em>nobis</em></span> <span class='ocrx_word' id='word_1_51' title='bbox 576 586 757 636; x_wconf 60' lang='lat' dir='ltr'><em>obsignat.</em></span> <span class='ocrx_word' id='word_1_52' title='bbox 813 585 872 624; x_wconf 90' lang='lat' dir='ltr'><em>Ne</em></span> <span class='ocrx_word' id='word_1_53' title='bbox 901 590 1024 623; x_wconf 82' lang='lat' dir='ltr'><em>tamen</em></span> <span class='ocrx_word' id='word_1_54' title='bbox 1053 584 1222 623; x_wconf 86' lang='lat' dir='ltr'><em>socordia</em></span> <span class='ocrx_word' id='word_1_55' title='bbox 1250 587 1382 623; x_wconf 90' lang='lat' dir='ltr'><em>nostra</em></span> <span class='ocrx_word' id='word_1_56' title='bbox 1409 582 1548 621; x_wconf 85' lang='lat' dir='ltr'><em>inertes</em></span> 
     </span>
     <span class='ocr_line' id='line_1_8' title="bbox 62 653 1547 706; baseline -0.002 -13"><span class='ocrx_word' id='word_1_57' title='bbox 62 655 210 706; x_wconf 79' lang='lat' dir='ltr'><em>quando</em></span> <span class='ocrx_word' id='word_1_58' title='bbox 240 655 287 693; x_wconf 87' lang='lat' dir='ltr'><em>ab</em></span> <span class='ocrx_word' id='word_1_59' title='bbox 315 655 435 705; x_wconf 90' lang='lat' dir='ltr'><em>officio</em></span> <span class='ocrx_word' id='word_1_60' title='bbox 464 655 704 700; x_wconf 80' lang='lat' dir='ltr'><em>desistamus,</em></span> <span class='ocrx_word' id='word_1_61' title='bbox 733 655 841 693; x_wconf 88' lang='lat' dir='ltr'><em>iussit</em></span> <span class='ocrx_word' id='word_1_62' title='bbox 872 654 1064 693; x_wconf 80' lang='lat' dir='ltr'><em>Ecclesiae</em></span> <span class='ocrx_word' id='word_1_63' title='bbox 1086 654 1201 692; x_wconf 85' lang='lat' dir='ltr'><em>socios</em></span> <span class='ocrx_word' id='word_1_64' title='bbox 1230 653 1547 705; x_wconf 86' lang='lat' dir='ltr'><em>disciplinae</em></span> 
     </span>
     <span class='ocr_line' id='line_1_9' title="bbox 63 720 1550 767; baseline -0.001 -5"><span class='ocrx_word' id='word_1_65' title='bbox 63 737 154 763; x_wconf 89' lang='lat' dir='ltr'><em>usu</em></span> <span class='ocrx_word' id='word_1_66' title='bbox 193 725 390 764; x_wconf 74' lang='lat' dir='ltr'><em>eoelzortari</em></span> <span class='ocrx_word' id='word_1_67' title='bbox 428 737 504 763; x_wconf 90' lang='lat' dir='ltr'><em>sese</em></span> <span class='ocrx_word' id='word_1_68' title='bbox 536 725 691 764; x_wconf 80' lang='lat' dir='ltr'><em>invicem</em></span> <span class='ocrx_word' id='word_1_69' title='bbox 731 729 764 763; x_wconf 88' lang='lat' dir='ltr'><em>et</em></span> <span class='ocrx_word' id='word_1_70' title='bbox 803 724 1046 763; x_wconf 70' lang='lat' dir='ltr'><em>eoestimulare</em></span> <span class='ocrx_word' id='word_1_71' title='bbox 1074 723 1274 767; x_wconf 86' lang='lat' dir='ltr'><em>alacriter,</em></span> <span class='ocrx_word' id='word_1_72' title='bbox 1312 725 1354 761; x_wconf 79' lang='lat' dir='ltr'><em>nt</em></span> <span class='ocrx_word' id='word_1_73' title='bbox 1382 734 1406 760; x_wconf 91' lang='lat' dir='ltr'><em>a</em></span> <span class='ocrx_word' id='word_1_74' title='bbox 1433 720 1550 760; x_wconf 84' lang='lat' dir='ltr'><em>deviis</em></span> 
     </span>
     <span class='ocr_line' id='line_1_10' title="bbox 64 789 1550 847; baseline -0.003 -15"><span class='ocrx_word' id='word_1_75' title='bbox 64 794 285 846; x_wconf 75' lang='lat' dir='ltr'><em>deflectant;</em></span> <span class='ocrx_word' id='word_1_76' title='bbox 326 795 388 847; x_wconf 82' lang='lat' dir='ltr'><em>qui</em></span> <span class='ocrx_word' id='word_1_77' title='bbox 426 799 549 834; x_wconf 82' lang='lat' dir='ltr'><em>antem</em></span> <span class='ocrx_word' id='word_1_78' title='bbox 587 794 837 846; x_wconf 83' lang='lat' dir='ltr'><em>corruptiores</em></span> <span class='ocrx_word' id='word_1_79' title='bbox 875 798 978 838; x_wconf 88' lang='lat' dir='ltr'><em>sunt,</em></span> <span class='ocrx_word' id='word_1_80' title='bbox 1017 804 1130 845; x_wconf 79' lang='lat' dir='ltr'><em>quam</em></span> <span class='ocrx_word' id='word_1_81' title='bbox 1157 796 1198 831; x_wconf 85' lang='lat' dir='ltr'><em>nt</em></span> <span class='ocrx_word' id='word_1_82' title='bbox 1228 797 1304 830; x_wconf 85' lang='lat' dir='ltr'><em>tam</em></span> <span class='ocrx_word' id='word_1_83' title='bbox 1334 791 1409 830; x_wconf 87' lang='lat' dir='ltr'><em>leni</em></span> <span class='ocrx_word' id='word_1_84' title='bbox 1436 789 1550 829; x_wconf 87' lang='lat' dir='ltr'><em>medi·</em></span> 
     </span>
     <span class='ocr_line' id='line_1_11' title="bbox 64 861 1550 913; baseline -0.003 -11"><span class='ocrx_word' id='word_1_85' title='bbox 64 865 151 903; x_wconf 80' lang='lat' dir='ltr'><em>cina</em></span> <span class='ocrx_word' id='word_1_86' title='bbox 180 869 381 909; x_wconf 76' lang='lat' dir='ltr'><em>sanentur,</em></span> <span class='ocrx_word' id='word_1_87' title='bbox 420 863 612 903; x_wconf 82' lang='lat' dir='ltr'><em>Ecclesiae</em></span> <span class='ocrx_word' id='word_1_88' title='bbox 640 863 848 902; x_wconf 84' lang='lat' dir='ltr'><em>ministerio</em></span> <span class='ocrx_word' id='word_1_89' title='bbox 877 863 1046 913; x_wconf 81' lang='lat' dir='ltr'><em>deferre,</em></span> <span class='ocrx_word' id='word_1_90' title='bbox 1080 867 1119 901; x_wconf 86' lang='lat' dir='ltr'><em>ut</em></span> <span class='ocrx_word' id='word_1_91' title='bbox 1149 861 1442 905; x_wconf 85' lang='lat' dir='ltr'><em>admoncantur,</em></span> <span class='ocrx_word' id='word_1_92' title='bbox 1472 871 1550 899; x_wconf 86' lang='lat' dir='ltr'><em>cas-</em></span> 
     </span>
     <span class='ocr_line' id='line_1_12' title="bbox 65 927 1551 983; baseline -0.004 -11"><span class='ocrx_word' id='word_1_93' title='bbox 65 933 247 983; x_wconf 60' lang='lat' dir='ltr'><em>tificatur,</em></span> <span class='ocrx_word' id='word_1_94' title='bbox 277 945 301 972; x_wconf 89' lang='lat' dir='ltr'><em>a</em></span> <span class='ocrx_word' id='word_1_95' title='bbox 330 945 443 972; x_wconf 85' lang='lat' dir='ltr'><em>coena</em></span> <span class='ocrx_word' id='word_1_96' title='bbox 471 938 694 978; x_wconf 82' lang='lat' dir='ltr'><em>arceantur,</em></span> <span class='ocrx_word' id='word_1_97' title='bbox 724 937 936 971; x_wconf 80' lang='lat' dir='ltr'><em>resecentur</em></span> <span class='ocrx_word' id='word_1_98' title='bbox 964 931 1120 982; x_wconf 84' lang='lat' dir='ltr'><em>denique</em></span> <span class='ocrx_word' id='word_1_99' title='bbox 1150 931 1197 969; x_wconf 89' lang='lat' dir='ltr'><em>ab</em></span> <span class='ocrx_word' id='word_1_100' title='bbox 1222 929 1416 968; x_wconf 85' lang='lat' dir='ltr'><em>Ecclesiae</em></span> <span class='ocrx_word' id='word_1_101' title='bbox 1440 927 1551 967; x_wconf 88' lang='lat' dir='ltr'><em>socie-</em></span> 
     </span>
     <span class='ocr_line' id='line_1_13' title="bbox 65 997 1552 1054; baseline -0.004 -13"><span class='ocrx_word' id='word_1_102' title='bbox 65 1007 159 1047; x_wconf 89' lang='lat' dir='ltr'><em>tate,</em></span> <span class='ocrx_word' id='word_1_103' title='bbox 198 1002 231 1041; x_wconf 85' lang='lat' dir='ltr'><em>si</em></span> <span class='ocrx_word' id='word_1_104' title='bbox 255 1003 440 1054; x_wconf 80' lang='lat' dir='ltr'><em>perdurat</em></span> <span class='ocrx_word' id='word_1_105' title='bbox 469 1002 688 1046; x_wconf 82' lang='lat' dir='ltr'><em>obstinatio,</em></span> <span class='ocrx_word' id='word_1_106' title='bbox 718 1001 919 1051; x_wconf 82' lang='lat' dir='ltr'><em>resectique</em></span> <span class='ocrx_word' id='word_1_107' title='bbox 946 1003 1144 1043; x_wconf 73' lang='lat' dir='ltr'><em>maneant,</em></span> <span class='ocrx_word' id='word_1_108' title='bbox 1174 999 1289 1037; x_wconf 88' lang='lat' dir='ltr'><em>donec</em></span> <span class='ocrx_word' id='word_1_109' title='bbox 1316 997 1552 1048; x_wconf 82' lang='lat' dir='ltr'><em>resipiscant.</em></span> 
     </span>
     <span class='ocr_line' id='line_1_14' title="bbox 65 1057 1556 1123; baseline -0.004 -13"><span class='ocrx_word' id='word_1_110' title='bbox 65 1071 230 1123; x_wconf 77' lang='lat' dir='ltr'><em>Denique</em></span> <span class='ocrx_word' id='word_1_111' title='bbox 268 1071 463 1110; x_wconf 87' lang='lat' dir='ltr'><em>Ecclesiae</em></span> <span class='ocrx_word' id='word_1_112' title='bbox 501 1071 600 1109; x_wconf 90' lang='lat' dir='ltr'><em>Deus</em></span> <span class='ocrx_word' id='word_1_113' title='bbox 637 1070 740 1108; x_wconf 83' lang='lat' dir='ltr'><em>dedit</em></span> <span class='ocrx_word' id='word_1_114' title='bbox 770 1057 1066 1108; x_wconf 80' lang='lat' dir='ltr'><em>tabularum</em></span> <span class='ocrx_word' id='word_1_115' title='bbox 1096 1067 1476 1110; x_wconf 78' lang='lat' dir='ltr'><em>ministerium,</em></span> <span class='ocrx_word' id='word_1_116' title='bbox 1514 1069 1556 1104; x_wconf 86' lang='lat' dir='ltr'><em>nt</em></span> 
     </span>
     <span class='ocr_line' id='line_1_15' title="bbox 65 1134 1556 1190; baseline -0.003 -12"><span class='ocrx_word' id='word_1_117' title='bbox 65 1140 245 1179; x_wconf 87' lang='lat' dir='ltr'><em>alimenta</em></span> <span class='ocrx_word' id='word_1_118' title='bbox 283 1140 452 1179; x_wconf 83' lang='lat' dir='ltr'><em>omnibus</em></span> <span class='ocrx_word' id='word_1_119' title='bbox 485 1139 634 1190; x_wconf 86' lang='lat' dir='ltr'><em>pariter</em></span> <span class='ocrx_word' id='word_1_120' title='bbox 667 1138 854 1176; x_wconf 85' lang='lat' dir='ltr'><em>ministris</em></span> <span class='ocrx_word' id='word_1_121' title='bbox 893 1137 971 1176; x_wconf 88' lang='lat' dir='ltr'><em>suis</em></span> <span class='ocrx_word' id='word_1_122' title='bbox 995 1137 1195 1188; x_wconf 85' lang='lat' dir='ltr'><em>praebeat,</em></span> <span class='ocrx_word' id='word_1_123' title='bbox 1233 1136 1373 1175; x_wconf 82' lang='lat' dir='ltr'><em>cultum</em></span> <span class='ocrx_word' id='word_1_124' title='bbox 1402 1134 1472 1173; x_wconf 88' lang='lat' dir='ltr'><em>Dei</em></span> <span class='ocrx_word' id='word_1_125' title='bbox 1502 1146 1556 1173; x_wconf 91' lang='lat' dir='ltr'><em>so-</em></span> 
     </span>
     <span class='ocr_line' id='line_1_16' title="bbox 67 1204 1556 1258; baseline -0.003 -12"><span class='ocrx_word' id='word_1_126' title='bbox 67 1209 236 1246; x_wconf 81' lang='lat' dir='ltr'><em>lemniter</em></span> <span class='ocrx_word' id='word_1_127' title='bbox 273 1211 507 1258; x_wconf 86' lang='lat' dir='ltr'><em>promoveat,</em></span> <span class='ocrx_word' id='word_1_128' title='bbox 552 1212 585 1245; x_wconf 84' lang='lat' dir='ltr'><em>et</em></span> <span class='ocrx_word' id='word_1_129' title='bbox 628 1219 825 1257; x_wconf 64' lang='lat' dir='ltr'><em>cycnorum</em></span> <span class='ocrx_word' id='word_1_130' title='bbox 863 1206 1032 1257; x_wconf 84' lang='lat' dir='ltr'><em>inopiae,</em></span> <span class='ocrx_word' id='word_1_131' title='bbox 1077 1210 1153 1244; x_wconf 87' lang='lat' dir='ltr'><em>tam</em></span> <span class='ocrx_word' id='word_1_132' title='bbox 1187 1204 1401 1257; x_wconf 83' lang='lat' dir='ltr'><em>spirituali,</em></span> <span class='ocrx_word' id='word_1_133' title='bbox 1445 1214 1556 1255; x_wconf 83' lang='lat' dir='ltr'><em>quam</em></span> 
     </span>
     <span class='ocr_line' id='line_1_17' title="bbox 65 1275 797 1328; baseline 0 -14"><span class='ocrx_word' id='word_1_134' title='bbox 65 1276 272 1327; x_wconf 87' lang='lat' dir='ltr'><em>corporali,</em></span> <span class='ocrx_word' id='word_1_135' title='bbox 301 1280 565 1328; x_wconf 80' lang='lat' dir='ltr'><em>quantumpotc</em></span> <span class='ocrx_word' id='word_1_136' title='bbox 593 1275 797 1314; x_wconf 82' lang='lat' dir='ltr'><em>subveniat.</em></span> 
     </span>
    </p>
   </div>
   <div class='ocr_carea' id='block_1_3' title="bbox 630 1551 991 1599">
    <p class='ocr_par' dir='ltr' id='par_1_3' title="bbox 630 1551 991 1599">
     <span class='ocr_line' id='line_1_18' title="bbox 630 1551 991 1599; baseline -0.008 0"><span class='ocrx_word' id='word_1_137' title='bbox 630 1551 864 1599; x_wconf 84' lang='lat' dir='ltr'><strong>CAPUT</strong></span> <span class='ocrx_word' id='word_1_138' title='bbox 906 1551 991 1599; x_wconf 90' lang='lat' dir='ltr'><em>IV.</em></span> 
     </span>
    </p>
   </div>
   <div class='ocr_carea' id='block_1_4' title="bbox 589 1678 1049 1706">
    <p class='ocr_par' dir='ltr' id='par_1_4' title="bbox 589 1678 1049 1706">
     <span class='ocr_line' id='line_1_19' title="bbox 589 1678 1049 1706; baseline 0.002 -1"><span class='ocrx_word' id='word_1_139' title='bbox 589 1679 866 1705; x_wconf 81' lang='lat' dir='ltr'><em>ECCLESIAE</em></span> <span class='ocrx_word' id='word_1_140' title='bbox 905 1678 1049 1706; x_wconf 84' lang='lat' dir='ltr'><em>SOCll.</em></span> 
     </span>
    </p>
   </div>
   <div class='ocr_carea' id='block_1_5' title="bbox 582 1912 1052 1966">
    <p class='ocr_par' dir='ltr' id='par_1_5' title="bbox 582 1912 1052 1966">
     <span class='ocr_line' id='line_1_20' title="bbox 582 1912 1052 1966; baseline 0 -15"><span class='ocrx_word' id='word_1_141' title='bbox 582 1913 608 1966; x_wconf 75' lang='lat'>§</span> <span class='ocrx_word' id='word_1_142' title='bbox 638 1914 672 1951; x_wconf 73' lang='lat'><em>1.</em></span> <span class='ocrx_word' id='word_1_143' title='bbox 731 1913 924 1952; x_wconf 87' lang='lat' dir='ltr'><em>Ecclesiae</em></span> <span class='ocrx_word' id='word_1_144' title='bbox 953 1912 1052 1951; x_wconf 82' lang='lat' dir='ltr'><em>socii.</em></span> 
     </span>
    </p>
   </div>
   <div class='ocr_carea' id='block_1_6' title="bbox 67 2032 1564 2777">
    <p class='ocr_par' dir='ltr' id='par_1_6' title="bbox 67 2032 1564 2777">
     <span class='ocr_line' id='line_1_21' title="bbox 122 2032 1558 2086; baseline -0.003 -11"><span class='ocrx_word' id='word_1_145' title='bbox 122 2037 300 2076; x_wconf 84' lang='lat' dir='ltr'><em>Civitatis</em></span> <span class='ocrx_word' id='word_1_146' title='bbox 337 2038 378 2075; x_wconf 94' lang='lat' dir='ltr'><em>in</em></span> <span class='ocrx_word' id='word_1_147' title='bbox 417 2035 588 2075; x_wconf 83' lang='lat' dir='ltr'><em>Ecclesia</em></span> <span class='ocrx_word' id='word_1_148' title='bbox 624 2036 846 2075; x_wconf 82' lang='lat' dir='ltr'><em>Christiana</em></span> <span class='ocrx_word' id='word_1_149' title='bbox 881 2037 942 2075; x_wconf 88' lang='lat' dir='ltr'><em>ius</em></span> <span class='ocrx_word' id='word_1_150' title='bbox 977 2037 1026 2075; x_wconf 86' lang='lat' dir='ltr'><em>ad</em></span> <span class='ocrx_word' id='word_1_151' title='bbox 1063 2048 1198 2074; x_wconf 88' lang='lat' dir='ltr'><em>omnes</em></span> <span class='ocrx_word' id='word_1_152' title='bbox 1226 2035 1411 2073; x_wconf 79' lang='lat' dir='ltr'><em>mortales</em></span> <span class='ocrx_word' id='word_1_153' title='bbox 1440 2032 1558 2086; x_wconf 80' lang='lat' dir='ltr'><em>perti-</em></span> 
     </span>
     <span class='ocr_line' id='line_1_22' title="bbox 69 2101 1558 2158; baseline -0.004 -14"><span class='ocrx_word' id='word_1_154' title='bbox 69 2113 158 2150; x_wconf 83' lang='lat' dir='ltr'><em>net,</em></span> <span class='ocrx_word' id='word_1_155' title='bbox 202 2114 339 2144; x_wconf 82' lang='lat' dir='ltr'><em>»want</em></span> <span class='ocrx_word' id='word_1_156' title='bbox 375 2106 443 2144; x_wconf 83' lang='lat' dir='ltr'><em>het</em></span> <span class='ocrx_word' id='word_1_157' title='bbox 482 2105 696 2158; x_wconf 82' lang='lat' dir='ltr'><em>Evangelie</em></span> <span class='ocrx_word' id='word_1_158' title='bbox 728 2106 858 2145; x_wconf 76' lang='lat' dir='ltr'><em>wordt</em></span> <span class='ocrx_word' id='word_1_159' title='bbox 888 2107 991 2144; x_wconf 86' lang='lat' dir='ltr'><em>allen</em></span> <span class='ocrx_word' id='word_1_160' title='bbox 1020 2104 1236 2144; x_wconf 83' lang='lat' dir='ltr'><em>menschen</em></span> <span class='ocrx_word' id='word_1_161' title='bbox 1267 2101 1558 2153; x_wconf 67' lang='lat' dir='ltr'><em>verkondigffl,</em></span> 
     </span>
     <span class='ocr_line' id='line_1_23' title="bbox 71 2171 1559 2227; baseline -0.002 -16"><span class='ocrx_word' id='word_1_162' title='bbox 71 2175 271 2227; x_wconf 83' lang='lat' dir='ltr'><em>»ghclyek</em></span> <span class='ocrx_word' id='word_1_163' title='bbox 312 2175 381 2213; x_wconf 89' lang='lat' dir='ltr'><em>het</em></span> <span class='ocrx_word' id='word_1_164' title='bbox 424 2175 498 2213; x_wconf 84' lang='lat' dir='ltr'><em>alle</em></span> <span class='ocrx_word' id='word_1_165' title='bbox 541 2175 755 2214; x_wconf 84' lang='lat' dir='ltr'><em>menschen</em></span> <span class='ocrx_word' id='word_1_166' title='bbox 795 2176 836 2213; x_wconf 91' lang='lat' dir='ltr'><em>in</em></span> <span class='ocrx_word' id='word_1_167' title='bbox 875 2174 967 2213; x_wconf 88' lang='lat' dir='ltr'><em>hem</em></span> <span class='ocrx_word' id='word_1_168' title='bbox 1007 2173 1264 2226; x_wconf 79' lang='lat' dir='ltr'><em>hegrijpt1).⁷&#39;</em></span> <span class='ocrx_word' id='word_1_169' title='bbox 1322 2172 1396 2212; x_wconf 89' lang='lat' dir='ltr'><em>Ubi</em></span> <span class='ocrx_word' id='word_1_170' title='bbox 1437 2171 1559 2223; x_wconf 75' lang='lat' dir='ltr'><em>igitur</em></span> 
     </span>
     <span class='ocr_line' id='line_1_24' title="bbox 71 2238 1558 2294; baseline -0.003 -12"><span class='ocrx_word' id='word_1_171' title='bbox 71 2246 283 2283; x_wconf 86' lang='lat' dir='ltr'><em>»instituta</em></span> <span class='ocrx_word' id='word_1_172' title='bbox 321 2251 381 2282; x_wconf 84' lang='lat' dir='ltr'><em>est</em></span> <span class='ocrx_word' id='word_1_173' title='bbox 415 2244 557 2282; x_wconf 86' lang='lat' dir='ltr'><em>alicubi</em></span> <span class='ocrx_word' id='word_1_174' title='bbox 597 2244 769 2283; x_wconf 85' lang='lat' dir='ltr'><em>Ecclesia</em></span> <span class='ocrx_word' id='word_1_175' title='bbox 811 2244 977 2287; x_wconf 77' lang='lat' dir='ltr'><em>Christi,</em></span> <span class='ocrx_word' id='word_1_176' title='bbox 1017 2245 1057 2282; x_wconf 90' lang='lat' dir='ltr'><em>in</em></span> <span class='ocrx_word' id='word_1_177' title='bbox 1094 2256 1170 2294; x_wconf 84' lang='lat' dir='ltr'><em>qua</em></span> <span class='ocrx_word' id='word_1_178' title='bbox 1209 2255 1295 2281; x_wconf 86' lang='lat' dir='ltr'><em>eam</em></span> <span class='ocrx_word' id='word_1_179' title='bbox 1334 2242 1456 2293; x_wconf 80' lang='lat' dir='ltr'><em>ipsam</em></span> <span class='ocrx_word' id='word_1_180' title='bbox 1488 2238 1558 2277; x_wconf 85' lang='lat' dir='ltr'><em>Dei</em></span> 
     </span>
     <span class='ocr_line' id='line_1_25' title="bbox 72 2308 1559 2364; baseline -0.005 -11"><span class='ocrx_word' id='word_1_181' title='bbox 72 2326 236 2353; x_wconf 81' lang='lat' dir='ltr'><em>»vocem</em></span> <span class='ocrx_word' id='word_1_182' title='bbox 276 2325 415 2351; x_wconf 80' lang='lat' dir='ltr'><em>sonare</em></span> <span class='ocrx_word' id='word_1_183' title='bbox 445 2313 648 2358; x_wconf 79' lang='lat' dir='ltr'><em>audimus,</em></span> <span class='ocrx_word' id='word_1_184' title='bbox 686 2326 757 2352; x_wconf 87' lang='lat' dir='ltr'><em>nos</em></span> <span class='ocrx_word' id='word_1_185' title='bbox 788 2314 844 2351; x_wconf 93' lang='lat' dir='ltr'><em>illi</em></span> <span class='ocrx_word' id='word_1_186' title='bbox 875 2313 1057 2364; x_wconf 73' lang='lat' dir='ltr'><em>protinus</em></span> <span class='ocrx_word' id='word_1_187' title='bbox 1087 2325 1175 2350; x_wconf 90' lang='lat' dir='ltr'><em>cum</em></span> <span class='ocrx_word' id='word_1_188' title='bbox 1206 2311 1408 2350; x_wconf 77' lang='lat' dir='ltr'><em>alacritate</em></span> <span class='ocrx_word' id='word_1_189' title='bbox 1439 2308 1559 2347; x_wconf 84' lang='lat' dir='ltr'><em>animi</em></span> 
     </span>
     <span class='ocr_line' id='line_1_26' title="bbox 72 2377 1560 2435; baseline -0.004 -13"><span class='ocrx_word' id='word_1_190' title='bbox 72 2391 141 2422; x_wconf 85' lang='lat' dir='ltr'><em>»et</em></span> <span class='ocrx_word' id='word_1_191' title='bbox 176 2383 392 2435; x_wconf 75' lang='lat' dir='ltr'><em>gratiarum</em></span> <span class='ocrx_word' id='word_1_192' title='bbox 431 2383 566 2421; x_wconf 86' lang='lat' dir='ltr'><em>sedula</em></span> <span class='ocrx_word' id='word_1_193' title='bbox 605 2383 758 2420; x_wconf 83' lang='lat' dir='ltr'><em>actione</em></span> <span class='ocrx_word' id='word_1_194' title='bbox 798 2382 1059 2433; x_wconf 79' lang='lat' dir='ltr'><em>adiungamus</em></span> <span class='ocrx_word' id='word_1_195' title='bbox 1076 2381 1155 2433; x_wconf 84' lang='lat'>²);”</span> <span class='ocrx_word' id='word_1_196' title='bbox 1192 2393 1284 2419; x_wconf 83' lang='lat' dir='ltr'><em>nam</em></span> <span class='ocrx_word' id='word_1_197' title='bbox 1314 2379 1444 2419; x_wconf 83' lang='lat' dir='ltr'><em>aditus</em></span> <span class='ocrx_word' id='word_1_198' title='bbox 1474 2377 1560 2416; x_wconf 87' lang='lat' dir='ltr'><em>uni-</em></span> 
     </span>
     <span class='ocr_line' id='line_1_27' title="bbox 72 2448 1562 2503; baseline -0.004 -13"><span class='ocrx_word' id='word_1_199' title='bbox 72 2453 213 2503; x_wconf 88' lang='lat' dir='ltr'><em>cuique</em></span> <span class='ocrx_word' id='word_1_200' title='bbox 245 2458 353 2503; x_wconf 83' lang='lat' dir='ltr'><em>patet</em></span> <span class='ocrx_word' id='word_1_201' title='bbox 382 2458 422 2489; x_wconf 81' lang='lat' dir='ltr'><em>et</em></span> <span class='ocrx_word' id='word_1_202' title='bbox 452 2451 500 2490; x_wconf 87' lang='lat' dir='ltr'><em>ab</em></span> <span class='ocrx_word' id='word_1_203' title='bbox 529 2451 801 2490; x_wconf 82' lang='lat' dir='ltr'><em>Ecclesiastica</em></span> <span class='ocrx_word' id='word_1_204' title='bbox 829 2452 1017 2490; x_wconf 83' lang='lat' dir='ltr'><em>societate</em></span> <span class='ocrx_word' id='word_1_205' title='bbox 1049 2450 1154 2502; x_wconf 88' lang='lat' dir='ltr'><em>quod</em></span> <span class='ocrx_word' id='word_1_206' title='bbox 1184 2450 1225 2488; x_wconf 92' lang='lat' dir='ltr'><em>in</em></span> <span class='ocrx_word' id='word_1_207' title='bbox 1254 2462 1295 2488; x_wconf 85' lang='lat' dir='ltr'><em>se</em></span> <span class='ocrx_word' id='word_1_208' title='bbox 1325 2448 1429 2487; x_wconf 88' lang='lat' dir='ltr'><em>Deus</em></span> <span class='ocrx_word' id='word_1_209' title='bbox 1454 2452 1562 2485; x_wconf 74' lang='lat' dir='ltr'><em>arcet</em></span> 
     </span>
     <span class='ocr_line' id='line_1_28' title="bbox 72 2517 1562 2573; baseline -0.003 -14"><span class='ocrx_word' id='word_1_210' title='bbox 72 2522 282 2560; x_wconf 85' lang='lat' dir='ltr'><em>neminem.</em></span> <span class='ocrx_word' id='word_1_211' title='bbox 339 2519 395 2559; x_wconf 90' lang='lat' dir='ltr'><em>Ne</em></span> <span class='ocrx_word' id='word_1_212' title='bbox 441 2528 570 2559; x_wconf 88' lang='lat' dir='ltr'><em>tamen</em></span> <span class='ocrx_word' id='word_1_213' title='bbox 610 2521 711 2559; x_wconf 86' lang='lat' dir='ltr'><em>ovile</em></span> <span class='ocrx_word' id='word_1_214' title='bbox 754 2519 821 2558; x_wconf 87' lang='lat' dir='ltr'><em>Dei</em></span> <span class='ocrx_word' id='word_1_215' title='bbox 861 2521 901 2559; x_wconf 91' lang='lat' dir='ltr'><em>in</em></span> <span class='ocrx_word' id='word_1_216' title='bbox 940 2520 1208 2572; x_wconf 76' lang='lat' dir='ltr'><em>improborum</em></span> <span class='ocrx_word' id='word_1_217' title='bbox 1248 2517 1562 2573; x_wconf 81' lang='lat' dir='ltr'><em>coniurationem</em></span> 
     </span>
     <span class='ocr_line' id='line_1_29' title="bbox 72 2584 1562 2641; baseline -0.004 -13"><span class='ocrx_word' id='word_1_218' title='bbox 72 2597 348 2634; x_wconf 77' lang='lat' dir='ltr'><em>eonvertatur,</em></span> <span class='ocrx_word' id='word_1_219' title='bbox 387 2590 586 2628; x_wconf 80' lang='lat' dir='ltr'><em>societatis</em></span> <span class='ocrx_word' id='word_1_220' title='bbox 616 2589 913 2628; x_wconf 85' lang='lat' dir='ltr'><em>Ecclesiasticae</em></span> <span class='ocrx_word' id='word_1_221' title='bbox 944 2590 1005 2628; x_wconf 83' lang='lat' dir='ltr'><em>ius</em></span> <span class='ocrx_word' id='word_1_222' title='bbox 1036 2590 1216 2641; x_wconf 82' lang='lat' dir='ltr'><em>protinus</em></span> <span class='ocrx_word' id='word_1_223' title='bbox 1247 2588 1457 2631; x_wconf 82' lang='lat' dir='ltr'><em>amittunt,</em></span> <span class='ocrx_word' id='word_1_224' title='bbox 1496 2584 1562 2636; x_wconf 86' lang='lat' dir='ltr'><em>qui</em></span> 
     </span>
     <span class='ocr_line' id='line_1_30' title="bbox 72 2654 1564 2711; baseline -0.003 -14"><span class='ocrx_word' id='word_1_225' title='bbox 72 2661 121 2698; x_wconf 84' lang='lat' dir='ltr'><em>ob</em></span> <span class='ocrx_word' id='word_1_226' title='bbox 157 2671 380 2711; x_wconf 76' lang='lat' dir='ltr'><em>perversam</em></span> <span class='ocrx_word' id='word_1_227' title='bbox 415 2659 545 2697; x_wconf 77' lang='lat' dir='ltr'><em>cordis</em></span> <span class='ocrx_word' id='word_1_228' title='bbox 574 2659 761 2697; x_wconf 79' lang='lat' dir='ltr'><em>duritiem</em></span> <span class='ocrx_word' id='word_1_229' title='bbox 793 2672 813 2696; x_wconf 86' lang='lat' dir='ltr'><em>a</em></span> <span class='ocrx_word' id='word_1_230' title='bbox 843 2659 1065 2697; x_wconf 76' lang='lat' dir='ltr'><em>ministerio</em></span> <span class='ocrx_word' id='word_1_231' title='bbox 1095 2671 1143 2696; x_wconf 83' lang='lat' dir='ltr'><em>ex</em></span> <span class='ocrx_word' id='word_1_232' title='bbox 1173 2657 1410 2696; x_wconf 82' lang='lat' dir='ltr'><em>auctoritate</em></span> <span class='ocrx_word' id='word_1_233' title='bbox 1441 2654 1564 2693; x_wconf 78' lang='lat' dir='ltr'><em>totius</em></span> 
     </span>
     <span class='ocr_line' id='line_1_31' title="bbox 67 2723 1564 2777; baseline -0.004 -10"><span class='ocrx_word' id='word_1_234' title='bbox 67 2728 247 2767; x_wconf 84' lang='lat' dir='ltr'><em>Ecclesia</em></span> <span class='ocrx_word' id='word_1_235' title='bbox 277 2728 670 2766; x_wconf 75' lang='lat' dir='ltr'><em>excommunicantur</em></span> <span class='ocrx_word' id='word_1_236' title='bbox 698 2736 739 2767; x_wconf 86' lang='lat' dir='ltr'><em>et</em></span> <span class='ocrx_word' id='word_1_237' title='bbox 769 2728 984 2766; x_wconf 76' lang='lat' dir='ltr'><em>traduntur</em></span> <span class='ocrx_word' id='word_1_238' title='bbox 1014 2727 1194 2766; x_wconf 87' lang='lat' dir='ltr'><em>Satanae.</em></span> <span class='ocrx_word' id='word_1_239' title='bbox 1245 2725 1307 2765; x_wconf 81' lang='lat' dir='ltr'><em>Sic</em></span> <span class='ocrx_word' id='word_1_240' title='bbox 1337 2735 1494 2777; x_wconf 87' lang='lat' dir='ltr'><em>quoquc</em></span> <span class='ocrx_word' id='word_1_241' title='bbox 1525 2723 1564 2761; x_wconf 90' lang='lat' dir='ltr'><em>in</em></span> 
     </span>
    </p>
   </div>
   <div class='ocr_carea' id='block_1_7' title="bbox 127 2886 1316 2930">
    <p class='ocr_par' dir='ltr' id='par_1_7' title="bbox 127 2886 1316 2930">
     <span class='ocr_line' id='line_1_32' title="bbox 127 2886 1316 2930; baseline 0 -11"><span class='ocrx_word' id='word_1_242' title='bbox 127 2888 152 2928; x_wconf 81' lang='grc'><em>1)</em></span> <span class='ocrx_word' id='word_1_243' title='bbox 180 2889 247 2920; x_wconf 82' lang='lat' dir='ltr'><em>Cat.</em></span> <span class='ocrx_word' id='word_1_244' title='bbox 271 2888 368 2919; x_wconf 83' lang='lat' dir='ltr'><em>Lond.</em></span> <span class='ocrx_word' id='word_1_245' title='bbox 393 2889 464 2919; x_wconf 82' lang='lat' dir='ltr'><em>mai.</em></span> <span class='ocrx_word' id='word_1_246' title='bbox 488 2899 518 2930; x_wconf 90' lang='lat' dir='ltr'><em>p.</em></span> <span class='ocrx_word' id='word_1_247' title='bbox 544 2889 595 2925; x_wconf 88' lang='lat'><em>80,</em></span> <span class='ocrx_word' id='word_1_248' title='bbox 620 2889 666 2921; x_wconf 81' lang='lat' dir='ltr'><em>Cf.</em></span> <span class='ocrx_word' id='word_1_249' title='bbox 690 2889 802 2921; x_wconf 82' lang='lat' dir='ltr'><em>Forma</em></span> <span class='ocrx_word' id='word_1_250' title='bbox 825 2899 863 2920; x_wconf 83' lang='lat' dir='ltr'><em>ac</em></span> <span class='ocrx_word' id='word_1_251' title='bbox 884 2891 946 2921; x_wconf 81' lang='lat' dir='ltr'><em>rat.</em></span> <span class='ocrx_word' id='word_1_252' title='bbox 970 2890 1042 2920; x_wconf 74' lang='lat' dir='ltr'><em>min.</em></span> <span class='ocrx_word' id='word_1_253' title='bbox 1065 2887 1162 2919; x_wconf 78' lang='lat' dir='ltr'><em>Lond.</em></span> <span class='ocrx_word' id='word_1_254' title='bbox 1186 2897 1216 2928; x_wconf 88' lang='lat' dir='ltr'><em>p.</em></span> <span class='ocrx_word' id='word_1_255' title='bbox 1242 2886 1316 2921; x_wconf 83' lang='lat'><strong>377.</strong></span> 
     </span>
    </p>
   </div>
   <div class='ocr_carea' id='block_1_8' title="bbox 125 2938 1495 3023">
    <p class='ocr_par' dir='ltr' id='par_1_8' title="bbox 125 2938 1495 3023">
     <span class='ocr_line' id='line_1_33' title="bbox 125 2938 1495 2985; baseline -0.002 -12"><span class='ocrx_word' id='word_1_256' title='bbox 125 2942 151 2982; x_wconf 67' lang='grc'><em>12)</em></span> <span class='ocrx_word' id='word_1_257' title='bbox 178 2943 289 2974; x_wconf 83' lang='lat' dir='ltr'><em>Forma</em></span> <span class='ocrx_word' id='word_1_258' title='bbox 314 2953 350 2974; x_wconf 88' lang='lat' dir='ltr'><em>ac</em></span> <span class='ocrx_word' id='word_1_259' title='bbox 372 2945 434 2973; x_wconf 87' lang='lat' dir='ltr'><em>rat.</em></span> <span class='ocrx_word' id='word_1_260' title='bbox 459 2943 530 2974; x_wconf 70' lang='lat' dir='ltr'><em>min.</em></span> <span class='ocrx_word' id='word_1_261' title='bbox 556 2943 655 2975; x_wconf 83' lang='lat' dir='ltr'><em>Lond.</em></span> <span class='ocrx_word' id='word_1_262' title='bbox 679 2954 708 2985; x_wconf 88' lang='lat' dir='ltr'><em>p.</em></span> <span class='ocrx_word' id='word_1_263' title='bbox 735 2943 806 2975; x_wconf 85' lang='lat'>166.</span> <span class='ocrx_word' id='word_1_264' title='bbox 832 2943 880 2973; x_wconf 81' lang='lat' dir='ltr'><em>Cf.</em></span> <span class='ocrx_word' id='word_1_265' title='bbox 904 2942 946 2975; x_wconf 92' lang='lat' dir='ltr'><em>ib.</em></span> <span class='ocrx_word' id='word_1_266' title='bbox 973 2943 1045 2974; x_wconf 83' lang='lat' dir='ltr'><em>16l.</em></span> <span class='ocrx_word' id='word_1_267' title='bbox 1071 2943 1118 2974; x_wconf 84' lang='lat' dir='ltr'><em>De</em></span> <span class='ocrx_word' id='word_1_268' title='bbox 1142 2942 1236 2973; x_wconf 77' lang='lat' dir='ltr'><em>missa</em></span> <span class='ocrx_word' id='word_1_269' title='bbox 1253 2941 1368 2984; x_wconf 79' lang='lat' dir='ltr'><em>papali</em></span> <span class='ocrx_word' id='word_1_270' title='bbox 1388 2950 1418 2982; x_wconf 88' lang='lat' dir='ltr'><em>p.</em></span> <span class='ocrx_word' id='word_1_271' title='bbox 1444 2938 1495 2971; x_wconf 79' lang='lat'><em>12.</em></span> 
     </span>
     <span class='ocr_line' id='line_1_34' title="bbox 1377 2999 1431 3023; baseline -0.019 0"><span class='ocrx_word' id='word_1_272' title='bbox 1377 2999 1431 3023; x_wconf 79' lang='lat'><em>10·</em></span> 
     </span>
    </p>
   </div>
  </div>
 </body>
</html>
