1879 3239
974 103 1023 140 56

256 239 486 290 (leposilmm
519 250 537 275 e
566 250 635 288 qao
658 236 861 275 sanissima
887 235 1081 273 elicerem·
1110 235 1133 273 d
1149 235 1370 276 octrina,
1400 246 1493 286 quae
1516 234 1593 274 iam
1614 246 1638 272 a
1658 246 1746 285 pae-

252 307 345 346 ritia
385 306 473 344 inde
511 304 727 343 catechismi
756 317 842 355 ope,
881 303 1038 342 assidua
1066 303 1238 354 deinceps
1262 302 1545 353 praedicatione
1574 303 1748 355 fidelibus

254 375 521 414 inculcaretur.
580 373 762 423 Adiungyz‘t
797 385 937 423 qnoque
970 372 1163 423 publicum
1201 371 1259 410 sai
1296 372 1511 416 cultum,
1551 371 1748 410 solemnem

254 443 431 495 inprimis
461 448 906 481 sacramentorum
938 441 1476 484 administrationem,
1510 445 1551 479 nl
1578 440 1758 492 fidelium

256 525 319 551 cor
348 524 497 550 sarsum
528 514 686 548 evectum
716 508 786 547 Dei
813 508 1019 560 gyloriosam
1047 509 1169 559 mayis
1197 512 1408 559 promoveat
1436 509 1695 558 majestatem.
1715 512 1748 546 et

255 581 367 634 fidem
406 580 614 631 salvificam
652 578 802 617 (livinae
840 579 1034 617 doctrinae
1068 578 1341 629 praestandam
1379 577 1419 615 in
1449 589 1486 615 se
1514 577 1620 628 qigyni
1648 577 1749 615 sinat

254 654 288 688 et
322 661 530 699 augyescere.
592 646 634 685 Set
663 646 726 698 qai
755 647 831 685 sint
859 647 900 685 in
930 647 1123 691 Ecclesia,
1162 646 1225 698 qui
1254 646 1407 684 coelitus
1436 632 1637 685 revelatam
1665 646 1747 685 cloc-

255 718 396 757 trinam
431 728 570 768 param
609 720 718 767 atquc
754 715 942 766 inleyram
980 716 1165 767 recipere,
1205 715 1354 766 eiusque
1391 715 1574 753 mandata
1603 716 1644 754 in
1672 715 1749 753 vita

256 785 405 837 exsequi
456 789 646 829 recusent,
697 784 890 823 Ecclesiae
941 784 1120 823 incumbit
1179 784 1362 834 officiam,
1430 784 1748 836 disciplinae

257 853 673 893 Ecclesiasticae
714 864 737 891 a
777 852 852 891 Deo
891 852 963 891 sibl
1002 852 1219 890 commissae
1260 864 1350 896 usa,
1385 863 1454 902 per
1500 851 1625 889 varios
1672 852 1751 890 elas

253 923 398 975 yraclus
436 926 669 961 contumaces
708 922 927 966 admonere,
968 921 1168 959 sceleratos
1201 920 1441 959 anathemate
1469 919 1607 970 ferire,
1633 920 1750 971 perti-

253 1004 365 1031 naces
393 992 551 1044 deniqne
576 993 622 1030 ab
650 991 841 1030 Ecclesiae
875 1003 1027 1042 corpore
1059 990 1296 1034 abscindere,
1326 993 1359 1027 et
1384 1000 1513 1027 arcere
1536 1000 1561 1027 a
1584 988 1751 1041 fideliam

256 1061 447 1106 societate,
476 1060 590 1098 donec
618 1059 852 1111 resipiscant.

826 1366 1049 1415 CAPUT
1094 1367 1183 1415 TV.

745 1503 999 1530 ECCLESIAE
1039 1503 1261 1530 naulum.

737 1752 763 1805 ᾗ
794 1754 828 1791 4.
887 1751 1064 1803 Reqz'men
1094 1752 1254 1790 coeleste.

306 1891 519 1942 Postquam
550 1892 674 1942 igitur
704 1892 744 1929 in
776 1890 1108 1942 praecedentibus
1135 1888 1257 1941 'quam
1287 1892 1580 1930 accuratissime
1605 1892 1645 1929 in
1671 1889 1753 1929 Cal-

255 1961 407 2000 vinicae
448 1959 646 1998 Ecclesiae
687 1960 891 1998 notionem
923 1960 1223 2011 inquisivimus,
1253 1967 1292 1998 et
1323 1961 1461 1999 ordine
1492 1960 1608 1999 simul
1638 1971 1754 2011 expo—

252 2032 373 2070 situm
404 2037 480 2074 est,
512 2030 654 2081 quibus
685 2030 759 2068 viis
789 2043 832 2068 ac
859 2030 1080 2068 rationibus
1106 2029 1225 2068 finem
1249 2043 1269 2068 a
1301 2029 1381 2069 Deo
1407 2030 1480 2068 sibi
1507 2031 1754 2082 propositum

255 2100 410 2151 assequi
452 2099 648 2137 Ecclesiae
689 2106 829 2150 queat,
869 2106 1007 2150 sponte
1044 2100 1153 2150 quasi
1185 2099 1259 2137 alia
1290 2111 1395 2137 nunc
1427 2099 1608 2138 oboritur
1638 2111 1754 2150 quac-

252 2171 349 2214 stio‚
380 2168 617 2220 quibusnam
649 2181 699 2206 sc.
727 2167 930 2206 incumbat
963 2167 1134 2206 officium
1161 2168 1201 2206 in
1219 2169 1320 2206 viam
1338 2169 1494 2219 planam
1510 2168 1616 2206 illam
1633 2175 1753 2219 atque

254 2239 436 2278 stabilem
481 2237 696 2277 Ecclesiam
741 2237 962 2282 deducere3
1007 2237 1243 2288 quibusnam
1287 2237 1397 2275 verbi
1437 2238 1659 2275 iniunctum
1703 2237 1754 2275 sit

252 2308 539 2351 ministerium,
580 2313 919 2346 sacramentorum
957 2307 1143 2345 mandata
1180 2307 1487 2350 administratio,
1517 2306 1753 2357 quibusnam

257 2378 430 2428 denique
470 2377 699 2428 disciplinae
740 2375 1033 2416 Ecclesiastitae
1069 2376 1314 2414 exercendae
1358 2382 1554 2428 competat
1592 2376 1673 2419 ius,
1713 2382 1753 2414 et

258 2459 453 2499 quaenam
492 2447 533 2484 in
570 2447 756 2485 universo
795 2446 842 2483 iis
882 2459 969 2484 cum
1009 2446 1102 2497 ipsis
1131 2444 1317 2484 fidelibus
1347 2445 1570 2484 intercedat
1599 2445 1752 2483 relatio.

255 2517 439 2555 Fortasse
469 2516 611 2554 melius
632 2516 756 2567 igitur
771 2515 845 2553 hoc
863 2522 980 2567 caput
1019 2532 1033 2549 n
1048 2516 1096 2554 de
1114 2514 1311 2554 Ecclesiae
1327 2513 1569 2565 orgyanismo''
1588 2513 1752 2565 inscrip-
1771 2514 1776 2518 ’

257 2587 462 2629 sissemus,
493 2585 583 2635 quia
614 2591 746 2622 tamen
777 2583 1030 2635 »reqiminis’²
1066 2583 1301 2622 vocabulum
1327 2596 1400 2621 usu
1435 2584 1575 2621 tritum
1605 2589 1683 2626 est,
1712 2589 1752 2621 et

256 2656 340 2695 sere
367 2655 495 2693 omnia
526 2655 567 2692 in
599 2666 638 2692 sc
669 2653 991 2705 comprehendit,
1026 2660 1066 2692 et
1095 2653 1271 2691 melioris
1301 2653 1417 2691 simul
1445 2652 1655 2691 latinitatis
1684 2663 1751 2689 no·

257 2731 337 2763 tam
367 2723 488 2762 habet
513 2723 562 2762 de
592 2730 781 2762 consueta
812 2723 968 2761 dicendi
1000 2724 1062 2762 via
1092 2735 1170 2761 non
1201 2721 1495 2761 deflectendum
1530 2734 1613 2760 esse
1644 2721 1752 2761 vide-

255 2793 384 2831 batur.
443 2790 505 2829 Sic
544 2797 677 2829 autem
717 2791 765 2829 de
795 2789 897 2829 Eccl.
924 2792 1119 2843 regimine
1149 2791 1295 2830 dicturi
1326 2803 1477 2835 sumus,
1508 2796 1552 2829 ut
1581 2790 1750 2842 primum

256 2861 306 2900 de
336 2859 507 2899 Coclesti
537 2861 731 2911 regimine
763 2860 926 2899 seorsim
957 2873 1138 2912 agamus,
1169 2860 1262 2899 dein
1292 2861 1470 2912 regimen
1500 2859 1619 2903 illud,
1658 2871 1750 2910 qua-

256 2937 371 2970 tenus
415 2928 642 2968 hominibus
679 2930 929 2968 commissum
960 2936 1041 2975 cstg
1072 2930 1292 2968 accuratius
1323 2929 1551 2982 exposituri.
1610 2927 1750 2973 Quem·
