1849 3239
812 131 884 172 121

103 271 306 312 »medium
331 277 371 310 ct
401 276 519 324 caput
548 269 665 309 simul
695 268 834 307 salutis
860 267 1005 321 cst⁷)‚''
1045 266 1241 305 Ecclesiae
1273 278 1430 318 quoque
1461 279 1593 307 »sum-

101 353 217 380 »mus
255 341 353 393 lapis
392 340 594 392 angularis
610 338 687 391 ⁸)‚’'
726 344 786 376 cst
824 336 1049 380 habendus,
1090 348 1165 387 qua
1207 342 1336 374 totum
1366 335 1593 376 aedificium

99 408 307 453 innititur,
338 408 399 447 vel
429 407 548 446 etiam
593 422 608 440 »
623 404 819 444 Ecclesiae
848 405 1152 443 fundamentum
1182 411 1427 456 compactum
1443 405 1510 458 9)”.

422 545 448 598 §
477 545 512 583 8.
573 542 709 588 Tituli,
739 542 871 595 quibus
902 541 1074 582 Ecclesia
1103 548 1271 583 ornatur.

152 683 281 730 Quum
315 684 421 723 inter
451 682 649 721 Ecclesiae
670 682 809 721 titulos
840 694 981 733 agmen
1007 682 1152 720 ducere
1179 683 1279 720 solet
1305 681 1592 734 praedicatum,

97 767 175 807 quo
205 754 326 792 solam
358 765 444 792 eam
475 764 560 790 esse
591 751 804 790 salvificam
835 751 1079 790 confitentur
1109 751 1264 796 fideles,
1294 751 1408 790 nobis
1437 763 1592 803 quoque

95 824 223 877 primo
253 823 338 861 loco
369 823 409 861 in
438 822 544 860 hunc
575 822 736 859 titulum
762 821 1044 873 inquirendum
1075 821 1163 859 crit.

149 893 202 932 1⁰.
250 893 355 932 Sitne.
383 891 577 931 Ecclesiae
601 891 848 943 participatio
877 891 926 929 ad
956 891 1114 929 salutem
1141 889 1386 928 necessaria?
1427 889 1467 929 Si
1498 891 1593 942 quid

96 963 233 1008 vidc0‚
263 962 447 1014 negando
477 961 525 1000 ad
554 961 656 1000 hanc
687 961 960 1012 quaestionem
991 973 1012 999 c
1042 966 1176 999 mente
1211 958 1322 997 Lasci
1352 960 1592 1012 responden-

95 1033 190 1071 dum
228 1032 314 1070 crit.
373 1029 548 1069 Subinde
589 1030 749 1081 quidem
788 1029 1025 1081 inscriptis
1064 1029 1149 1067 eius
1187 1029 1228 1067 in
1261 1029 1367 1067 locos
1402 1030 1591 1079 quosdam

94 1101 325 1146 incidimus,
364 1101 431 1152 qui
467 1100 733 1139 necessarium
772 1098 971 1137 Ecclesiae
1011 1097 1306 1150 participationi
1345 1110 1435 1135 cum
1465 1099 1591 1137 salute

93 1183 240 1209 nexum
280 1170 535 1222 interponere
575 1169 783 1213 videntur,
821 1175 915 1206 sunt
955 1175 1087 1207 tamen
1126 1168 1152 1206 ii
1192 1167 1299 1205 haud
1338 1173 1418 1205 tam
1448 1180 1592 1219 magno

93 1249 277 1284 numero,
317 1245 356 1277 et
395 1239 571 1290 paullum
609 1237 805 1277 diversam
844 1238 1078 1289 plerumque
1118 1236 1491 1288 interpretationem
1526 1237 1592 1275 ad-

87 1310 278 1358 mittunt,
317 1314 358 1347 et
394 1308 606 1346 maluimus
641 1314 847 1359 praeterea
878 1308 926 1346 de
958 1306 1069 1345 Lasci
1101 1307 1141 1345 in
1172 1319 1217 1345 ea
1248 1319 1290 1344 re
1321 1307 1520 1344 sententia
1550 1307 1591 1346 in

91 1379 177 1418 istis
207 1378 364 1417 edoceri
394 1377 506 1421 locis,
536 1376 603 1415 ubi
639 1377 688 1415 (lc
727 1377 924 1415 industria
963 1376 1065 1415 hanc
1103 1388 1187 1414 rem
1228 1375 1432 1419 tractavit,
1474 1389 1590 1426 quam

91 1448 159 1487 ubi
199 1448 273 1486 alia
313 1459 433 1499 agens
473 1446 602 1485 obiter
641 1447 813 1498 vulgatis
851 1447 983 1498 potius
1014 1453 1054 1484 ct
1084 1458 1157 1484 usu
1190 1446 1295 1484 tritis
1325 1445 1484 1484 dicendi
1513 1446 1590 1485 sor-

89 1519 206 1556 mulis
235 1517 383 1562 utitur,
415 1529 532 1567 quam
563 1517 666 1554 clare
696 1523 873 1554 mentem
899 1529 1009 1554 suam
1036 1516 1216 1567 explieat.
1262 1515 1335 1554 Ubi
1362 1528 1394 1553 e.
1412 1528 1446 1567 g.
1474 1516 1587 1555 dicit:

91 1586 242 1626 »Extra
273 1587 372 1625 illud
403 1585 548 1624 Christi
579 1598 720 1637 corpus
750 1585 859 1624 nulla
898 1589 950 1623 est
989 1589 1091 1624 certa
1130 1585 1266 1624 salutis
1305 1597 1406 1636 spes,
1445 1585 1589 1624 divinis

91 1655 443 1709 »promissionibus
473 1656 672 1707 proposita
694 1654 766 1708 ¹)'a’'
798 1656 885 1707 quis
915 1668 995 1694 non
1026 1656 1154 1701 videt,
1185 1655 1334 1706 aliquid
1364 1654 1502 1693 saltem
1532 1655 1588 1693 in-

91 1732 152 1764 ter
195 1731 372 1764 »certam
417 1725 556 1763 salutis
599 1724 741 1776 spem''
773 1731 812 1763 et
858 1725 1011 1776 »ipsam
1042 1724 1236 1763 salute1n''
1268 1725 1473 1763 interesse.
1531 1723 1588 1763 Si-

90 1795 240 1833 militer
269 1807 426 1846 quoque
457 1794 497 1832 in
535 1793 597 1832 his
627 1794 775 1832 verbis:
821 1810 835 1827 >³
851 1792 891 1832 Si
930 1794 1098 1832 salutem
1139 1793 1317 1832 Ethnieis
1355 1794 1586 1844 tribuimus,

90 1881 105 1897 »
118 1864 294 1915 profecto
324 1876 454 1914 neque
485 1877 504 1902 a
536 1863 692 1902 Christo
722 1863 851 1915 (extra
883 1876 999 1914 quem
1039 1864 1147 1901 nulla
1187 1863 1304 1915 salus)
1339 1876 1426 1909 eos,
1456 1876 1586 1915 neque

89 1932 166 1970 »ab
196 1932 291 1970 Eius
321 1932 494 1971 Ecclesia
525 1933 737 1972 excludere
768 1945 975 1984 possumus
1001 1932 1072 1986 2),”
1103 1933 1275 1984 aliquem
1306 1940 1413 1972 certe
1440 1946 1586 1971 nexum

87 2002 282 2040 Ecclesiae
313 2014 402 2040 cum
432 2002 559 2040 salute
589 2002 791 2054 interponi
822 2002 994 2040 libenter
1028 2003 1223 2048 concedo;
1254 2016 1334 2042 non
1365 2009 1498 2042 tamen
1528 2003 1585 2041 di-

87 2072 191 2110 citur
229 2073 378 2111 nullam
416 2079 529 2111 extra
565 2071 797 2117 Ecclesiam,
836 2072 904 2111 sed
940 2073 1090 2111 nullam
1130 2079 1242 2112 extra
1280 2072 1470 2111 Christum
1500 2084 1584 2110 esse

87 2142 268 2180 salutem.
325 2141 461 2180 Posset
503 2141 675 2193 denique
720 2141 768 2179 ab
808 2141 875 2185 iis,
920 2141 987 2192 qui
1028 2141 1154 2180 veteri
1198 2142 1374 2193 dogmati
1417 2139 1583 2179 Lascum

87 2210 408 2265 quoque-favisse
435 2211 746 2254 contenderent,
776 2222 867 2248 eum
891 2210 1033 2248 adduci
1059 2210 1210 2254 locum,
1241 2210 1307 2248 ubi
1333 2210 1372 2248 in
1396 2209 1583 2262 Baptismi

85 2280 270 2332 liturgica
299 2280 466 2319 formula
496 2281 550 2319 sic
580 2281 729 2332 pergit:
767 2286 907 2318 »want
932 2280 999 2318 dat
1026 2279 1194 2318 behoort
1219 2280 1290 2318 der
1316 2279 1470 2318 Ket‘ckc
1498 2285 1582 2324 too,

86 2349 184 2387 »dat
214 2361 259 2401 sy
289 2349 357 2387 des
386 2348 541 2388 Heeren
572 2349 764 2388 lidmaten
795 2362 869 2387 van
905 2349 953 2387 dc
988 2348 1180 2387 lidmaten
1211 2349 1280 2387 des
1310 2348 1484 2400 Duyvcls
1515 2361 1581 2386 on-

85 2416 358 2468 »dcrscheydt
385 2416 452 2469 ³);''
491 2417 566 2455 nisi
606 2418 687 2468 ipsc
726 2418 747 2455 a
778 2415 901 2455 Laseo
941 2429 985 2455 ca
1022 2417 1061 2455 in
1092 2418 1169 2455 alio
1199 2418 1287 2456 loco
1318 2417 1358 2455 in
1387 2417 1493 2456 hunc
1523 2418 1580 2456 in-

86 2492 329 2537 terpretatus
358 2492 461 2525 esset
490 2487 669 2526 modum:
715 2503 730 2520 »
743 2486 850 2526 Fieri
882 2499 974 2524 sane
1006 2498 1085 2525 non
1115 2499 1248 2538 posse,
1279 2487 1375 2538 quin
1406 2488 1445 2525 in
1473 2486 1579 2526 Sata-

85 2567 189 2594 nnac
219 2554 392 2594 Ecclesia
422 2556 558 2601 simus,
589 2557 619 2595 si
650 2568 696 2595 eo
726 2557 813 2595 loco
843 2568 1065 2601 versemur,
1095 2556 1163 2595 ubi
1194 2555 1339 2594 Christi
1365 2555 1578 2601 Ecclesiam

73 2773 78 2777 -
137 2755 162 2796 7)
187 2757 301 2788 Forma
323 2766 360 2787 ac
382 2758 443 2787 rat.
467 2755 540 2788 min.
563 2755 660 2789 Loncl.
685 2767 715 2798 p.
741 2755 792 2787 33.
926 2755 951 2796 8)
979 2755 1026 2788 Ib.
1051 2766 1081 2798 p.
1105 2756 1157 2787 44.
1183 2754 1229 2788 Cf.
1255 2755 1296 2788 ib.
1321 2766 1350 2797 p.
1377 2756 1427 2790 50.

97 2805 100 2807 Δ
136 2810 161 2852 9)
187 2811 243 2852 Ep.
268 2810 313 2842 ad
334 2811 414 2842 Dav.
442 2812 549 2853 θεον-9.
575 2812 653 2851 (Ser.
677 2814 742 2844 ani.
768 2810 813 2842 ΙΙ.
839 2810 883 2843 21³.
910 2811 1006 2851 509.).

136 2866 161 2907 ¹)
186 2867 298 2898 Forma
321 2877 359 2898 ac
381 2869 442 2898 rat.
467 2867 539 2899 min.
562 2867 659 2899 Lond.
683 2878 713 2909 p.
737 2866 810 2898 342.

134 2922 160 2962 2)
185 2922 243 2963 Ep.
258 2921 302 2952 ad
312 2922 504 2953 Melanchtla.
519 2922 597 2961 (Ser.
610 2926 675 2953 ant.
689 2922 735 2953 ΙΙ.
751 2922 794 2954 2³.
809 2921 908 2962 400).
926 2920 973 2955 Cf.
992 2922 1105 2954 Forma
1122 2931 1158 2952 ac
1174 2923 1235 2953 rat.
1255 2921 1327 2952 min.
1344 2921 1441 2953 Lond.
1456 2932 1484 2963 p.
1500 2921 1572 2953 343.

134 2976 161 3017 3)
189 2977 256 3008 Cal.
281 2977 378 3008 Loml.
403 2977 474 3008 mcci.
499 2987 528 3018 p.
554 2976 628 3008 102.
653 2977 700 3010 Cf.
725 2978 836 3010 Pomm
860 2988 897 3011 ac
918 2978 999 3010 ratio
1023 2977 1094 3009 min.
1119 2976 1218 3009 Lond.
1244 2988 1273 3018 p.
1292 2977 1369 3015 166,
1395 2977 1473 3014 501,
1500 2977 1572 3008 502.
