1879 3239
816 60 866 98 39

105 210 231 250 »adeo
257 207 296 246 in
323 216 468 257 genere
495 213 575 240 eum
600 209 808 250 respuere,
835 192 1022 246 quicquid
1049 189 1195 240 absque
1222 187 1466 226 authoritate
1482 185 1593 225 verbi

105 299 120 316 »
134 279 203 318 Dei
232 276 502 316 introductum
532 268 654 321 sit20).

239 415 274 453 b.
306 411 417 450 Verbi
445 407 563 448 divini
590 402 850 445 ministerium.

161 482 396 524 Primarium
439 480 479 518 in
520 475 691 515 Ecclesia
730 469 922 510 ministris
951 467 1026 506 hoc
1055 464 1286 505 mandatum
1317 466 1376 499 cst
1406 458 1600 502 officium,

110 563 153 595 ut
183 553 346 592 verbum
377 549 554 589 divinum
586 543 730 596 populo
760 538 1022 580 annuntient,
1081 552 1096 570 ›>
1111 541 1154 573 ut
1179 533 1285 572 cnim
1311 531 1466 582 vigeret
1492 539 1601 580 prae-

111 623 275 666 dicatio,
292 651 301 659 .
319 651 326 659 .
343 651 352 659 .
383 625 560 672 pastores
589 612 763 652 instituit
794 609 898 648 Deus
923 620 966 646 ac
991 607 1192 648 doctores,
1218 611 1388 653 quorum
1415 609 1483 637 ore
1510 608 1603 635 suos

112 694 274 733 doceret
290 688 371 742 21).”
429 684 623 726 Solemnis
653 682 718 720 illa
749 677 990 732 praedicatio
1019 676 1150 714 locum
1175 672 1322 711 habere
1380 679 1602 718 »nusquam

115 780 131 797 ›>
145 767 297 815 potest,
336 758 430 810 quin
471 753 684 794 fructificet
714 758 754 789 et
785 748 854 787 Dei
885 745 1164 786 benedictione
1195 744 1463 794 prosperetur.
1519 734 1607 774 Non

117 829 279 881 »dicos
306 830 359 867 ita
386 826 515 878 pergit
541 831 695 866 noster,
755 818 1023 867 »ubicumque
1040 812 1293 866 praedicatur
1309 808 1497 850 verbum,
1526 804 1607 844 illie

118 919 134 935 ³>
148 901 320 940 fructum
364 908 455 935 mox
496 891 663 935 exoriri,
703 889 772 927 sed
802 886 942 926 nullibi
979 883 1100 934 recipi
1132 888 1172 920 et
1202 885 1343 918 statam
1375 876 1522 915 habere
1553 885 1610 912 se·

121 988 136 1005 »
150 970 261 1011 dem,
291 967 367 1005 nisi
394 972 437 1003 ut
467 975 577 1002 suam
602 958 813 999 efficaciam
841 955 1015 1007 proferat
1031 951 1112 1004 22).”
1170 949 1336 1000 Propter
1361 957 1478 997 quam
1502 955 1614 995 egre-

122 1040 226 1092 giam
251 1036 495 1076 utililitatcm
521 1030 712 1070 (livinitus
737 1023 993 1078 praedicandi-
1007 1031 1152 1060 munus
1169 1016 1369 1056 Ecclesiae
1389 1014 1614 1052 iniunctum

124 1115 197 1147 est.
253 1105 470 1144 »Dominus
513 1113 583 1144 se„
628 1109 747 1148 quum
792 1093 988 1145 apostolos
1026 1090 1227 1131 mitteret,
1266 1084 1496 1123 mandatum
1536 1081 1614 1120 illis

126 1176 264 1216 »dedit
307 1174 355 1212 de
399 1167 662 1223 praedicando
704 1162 935 1215 Euangelio.
1006 1158 1065 1197 En
1106 1163 1302 1198 sanctam,
1346 1150 1618 1192 inviolabilem

125 1250 463 1297 »perpetuamque
503 1240 632 1290 legem
671 1234 892 1286 impositam
923 1231 994 1275 iis,
1023 1228 1090 1280 qui
1121 1228 1161 1266 in
1192 1224 1460 1277 apostolorum
1489 1221 1620 1259 locum

126 1312 392 1354 »succedunt,
446 1321 520 1360 qua
566 1305 794 1345 mandatum
845 1300 1043 1352 accipiunt
1084 1298 1132 1336 de
1172 1292 1381 1346 Euangelii
1421 1289 1621 1343 praedica·

80 1378 82 1381 ’
122 1401 137 1419 »
152 1383 270 1422 tione.
328 1379 385 1418 Ex
423 1379 485 1417 his
521 1383 561 1416 et
591 1374 786 1414 similibus
817 1371 1004 1422 colligere
1034 1368 1128 1407 licet
1159 1366 1200 1404 in
1232 1370 1434 1416 pastorum
1465 1369 1622 1411 quoque

125 1469 138 1486 n
152 1451 356 1491 functione
390 1449 491 1487 hanc
521 1459 606 1485 esse
637 1443 886 1496 praecipuam
917 1444 1082 1492 partem,
1119 1433 1384 1486 Euangelium
1413 1427 1623 1469 annuntia-

127 1534 197 1560 »re
215 1520 272 1573 2³)·
317 1518 376 1557 En
408 1528 599 1556 summam
626 1518 884 1566 potestatem,
915 1521 990 1560 qua
1018 1505 1215 1545 Ecclesiae
1237 1509 1436 1555 pastores,
1454 1511 1628 1551 quocun-

128 1602 234 1648 »que
267 1589 425 1627 demum
456 1585 616 1624 nomine
647 1588 861 1624 vocentur,
897 1577 1098 1630 praeditos
1129 1586 1215 1613 esse
1247 1571 1454 1611 convenit:
1483 1580 1628 1620 nempe

131 1665 205 1697 »ut
234 1657 357 1696 verbo
388 1655 455 1694 Dei
487 1653 734 1693 confidentes
760 1649 890 1689 omnia
917 1647 1110 1685 audeant:
1136 1644 1222 1682 eius
1245 1639 1444 1680 maiestati
1471 1648 1630 1677 omnem

133 1725 299 1765 »mundi
331 1725 540 1766 virtutem,
571 1721 757 1773 gloriam,
789 1715 1023 1769 sapientiam
1051 1713 1194 1752 cedere
1225 1717 1344 1761 atquc
1376 1707 1538 1747 obedire
1569 1718 1630 1745 co-

135 1813 150 1830 »
165 1801 270 1847 gant.
328 1792 423 1831 Eius
453 1791 630 1843 potentia
660 1789 751 1827 fulti
784 1785 967 1825 omnibus
997 1796 1018 1822 a
1049 1793 1203 1821 summo
1233 1791 1358 1831 usque
1389 1777 1438 1816 ad
1468 1774 1632 1814 novissi-

135 1875 271 1902 »mum
303 1860 596 1913 imperent‚...
627 1857 774 1896 dociles
804 1855 1035 1893 instituant:
1075 1850 1244 1889 rebelles
1275 1836 1465 1899 arguant,
1505 1845 1630 1883 incre-

137 1939 277 1986 »pentz
308 1932 434 1983 ligent
465 1942 508 1968 ac
534 1929 706 1967 solvent:
738 1926 945 1977 fulgurent
971 1921 1165 1972 denique,
1196 1919 1227 1957 si
1255 1930 1352 1970 opus
1379 1921 1460 1960 est,
1491 1927 1534 1953 ac
1559 1913 1632 1951 sul-

138 2003 337 2041 »minentz
378 1999 446 2038 sed
482 1998 612 2036 omnia
651 1997 691 2034 in
731 1994 852 2033 verbo
891 1992 962 2031 Dei
979 1989 1062 2044 24).”
1118 1988 1250 2027 Debiti
1290 1986 1396 2025 enim
1436 1982 1633 2034 officiique

139 2083 276 2111 corum
315 2076 375 2108 est
415 2080 581 2107 »omnes
619 2066 817 2105 humanae
856 2061 1003 2101 mentis
1033 2058 1307 2100 inventiones,
1347 2068 1368 2093 a
1398 2062 1636 2105 quocunque

143 2140 332 2180 »tandem
374 2138 501 2190 capite
541 2136 739 2188 profectae
780 2134 879 2176 sint,
919 2141 1074 2173 arcere,
1111 2133 1155 2165 ut
1184 2136 1307 2178 purus
1338 2123 1407 2162 Dei
1437 2132 1567 2160 sermo
1596 2120 1637 2158 in

147 2210 352 2249 »fidelium
385 2207 559 2246 Ecclesia
585 2206 777 2244 doceatur
801 2209 840 2241 et
866 2201 1053 2240 discatur.
1111 2195 1294 2235 Omnium
1319 2192 1545 2234 hominum,
1576 2201 1641 2228 cu·

149 2280 395 2330 »iusc'unque
426 2277 505 2315 sint
536 2275 706 2318 ordinis,
745 2272 888 2325 placita
918 2270 980 2309 vel
1010 2266 1142 2320 potius
1172 2263 1362 2316 figmenta
1392 2260 1556 2304 tollere,
1594 2264 1640 2297 ut

191 2521 232 2561 ²⁰)
259 2521 348 2562 Conf.
371 2520 433 2562 fid.
465 2520 507 2551 br.
528 2519 628 2562 form.
659 2517 747 2549 Tom.
770 2514 865 2547 VIII.
894 2513 964 2546 911³.
992 2513 1029 2545 ef.
1057 2512 1179 2544 Lettres
1203 2509 1241 2541 de
1266 2507 1395 2544 Calvia,
1426 2504 1475 2535 cd.
1498 2509 1645 2534 ΒΟΝΝΕΤ.

154 2577 198 2609 II.
228 2587 259 2618 p.
284 2575 345 2606 155
378 2576 409 2605 et
440 2583 470 2605 A.
494 2582 585 2605 BooN
615 2573 653 2605 de
683 2572 768 2614 dupl.
796 2571 914 2613 priua,
946 2567 1028 2600 unde
1058 2567 1092 2598 in
1119 2566 1200 2597 Eccl.
1232 2559 1428 2596 emendanda
1455 2558 1600 2592 exierint.
1623 2568 1648 2590 s.

157 2630 241 2663 XVI¹¹
265 2630 390 2672 reform.
415 2629 508 2659 Gron.
535 2627 630 2659 1839.
655 2638 685 2669 p.
711 2625 896 2657 loo—105.
1438 2615 1441 2617 ’

196 2686 236 2724 2¹)
263 2686 343 2716 Irzst.
367 2683 411 2714 IV
438 2684 466 2714 1.
493 2683 520 2714 1.
654 2681 694 2721 22)
719 2681 798 2712 Inst.
823 2679 878 2710 IV.
903 2679 933 2710 1.
958 2677 1010 2709 10.

197 2740 237 2780 22)
262 2740 342 2771 Inst.
356 2738 411 2770 JV.
425 2738 454 2770 3.
469 2738 498 2769 6.
511 2738 548 2768 cf.
560 2737 602 2768 ib.
617 2737 672 2770 IV.
690 2737 719 2768 3.
735 2737 764 2774 3,
779 2735 834 2766 IV.
849 2734 878 2766 8.
893 2733 933 2764 12
949 2734 981 2764 et
998 2731 1054 2764 IV.
1068 2731 1119 2762 15.
1136 2729 1187 2762 22.
1204 2730 1274 2761 Cat.
1291 2728 1366 2759 G'en.
1378 2725 1466 2757 Tom.
1476 2723 1568 2755 VIII.
1583 2723 1649 2755 22³.

162 2796 201 2828 de
226 2794 392 2827 Scandalz's
414 2793 501 2825 Tom.
526 2792 619 2823 VIII.
641 2803 671 2834 p.
697 2792 764 2823 89²¹.
788 2790 862 2822 Ant.
883 2788 918 2820 im
940 2790 1001 2819 art.
1029 2788 1118 2819 Cone.
1144 2784 1229 2817 Trid.
1254 2784 1336 2816 Sess.
1359 2780 1433 2813 VII.
1456 2779 1544 2812 Tom.
1561 2776 1653 2808 VIII.

162 2848 254 2884 257b.
282 2849 391 2880 Comm.
416 2848 460 2879 ad
484 2848 500 2878 1
530 2847 579 2879 Co.
604 2846 660 2878 IV.
684 2847 714 2879 1,
739 2847 769 2877 et
795 2844 840 2876 ad
862 2845 946 2886 Epa.
971 2842 1027 2873 IV.
1053 2842 1108 2877 11.

202 2904 244 2944 24)
269 2904 350 2935 Inst.
375 2902 430 2936 IV.
456 2902 485 2933 8.
510 2902 540 2933 9.
