1849 3239
831 110 900 148 111

124 250 312 291 versitate
347 248 396 288 ab
426 249 512 288 aliis
541 247 749 290 distincta,
788 250 937 283 certam
968 241 1164 294 quandam
1194 242 1399 293 regionem
1429 247 1614 292 occupat,

124 318 302 368 adeoque
333 328 461 355 sermo
491 315 536 354 fit
570 315 618 353 de
649 312 823 351 Ecclesia
881 311 1076 363 »Angliac
1094 309 1143 361 4),
1186 308 1391 348 Helvetiae
1422 310 1503 347 sive
1529 308 1613 347 Gal-

124 385 305 439 =›liae⁵).”
363 384 513 430 Quarto
543 383 716 434 denique
748 380 946 419 Ecclesiae
978 378 1213 418 vocabulum
1242 389 1290 416 eo
1320 389 1438 416 sensu
1464 377 1504 415 in
1530 377 1615 415 eius

122 455 278 506 seriptis
308 454 500 498 occurrit,
531 460 574 491 ut
604 452 654 490 sit
684 451 720 490 ei
778 467 793 484 >³
808 462 877 502 per
903 449 1129 488 universam
1156 446 1292 486 orbem
1319 453 1514 485 terrarum
1539 446 1616 484 dis-

125 537 267 576 »persa
284 523 354 576 ⁶)‚’'
416 521 638 562 »catholica
682 519 827 559 Christi
871 517 1046 557 Ecclesia
1061 516 1126 569 ⁷).’'
1183 514 1309 554 Huius
1352 521 1485 554 autem
1531 515 1615 553 uni·

123 593 287 632 versalis
313 592 509 631 Ecclesiae
534 590 708 642 singulas
732 588 991 641 particulares
1016 585 1249 625 Ecclesiolas
1264 585 1388 624 veluti
1405 583 1617 637 particulas

123 674 208 701 esse
235 669 275 701 et
305 662 530 701 universam
561 658 775 698 Ecclesiam
806 658 845 696 in
877 669 919 695 se
948 662 1269 708 repraesentare,
1293 655 1518 693 luculenter
1545 665 1616 692 nos

125 732 241 771 docet
279 732 319 769 in
358 731 543 783 epistola,
579 740 696 780 quam
732 727 781 766 ad
822 726 968 765 Daniae
1008 737 1144 777 regem
1182 724 1290 763 misit
1319 729 1407 776 post
1436 723 1618 774 repudia-

124 808 205 850 tam
243 800 404 852 hospitii
444 798 781 850 supplicationem.
839 795 1054 834 Contendit
1091 795 1133 833 in
1169 806 1214 832 ea
1244 794 1265 831 a
1294 791 1416 831 Lasco
1447 790 1618 830 Catholi-

123 882 208 908 cam
258 869 404 908 Christi
446 867 660 906 Ecclesiam
699 867 741 905 in
780 878 850 904 sua
889 864 1191 917 peregrinorum
1230 861 1403 900 Ecclesia
1443 860 1619 913 graviter

122 939 269 978 laesam
299 950 382 977 esse
413 944 531 989 atque
563 936 775 981 offensam,
800 935 987 986 quoniam
1015 932 1195 972 membro
1224 932 1333 970 illata
1363 930 1508 969 iniuria
1539 942 1617 969 non

124 1014 255 1062 potest
293 1020 373 1047 non
413 1007 488 1046 toti
527 1006 681 1058 corpori
715 1005 875 1048 inferri,
915 1003 1020 1055 quod
1050 1002 1164 1041 facile
1194 1000 1429 1052 comperies,
1467 1000 1618 1050 inquit,

125 1078 338 1118 dummodo
396 1088 496 1115 »nos
536 1082 770 1126 nostrasque
805 1072 999 1112 Ecclesias
1030 1084 1101 1124 pro
1129 1070 1319 1110 membris
1348 1069 1389 1108 in
1418 1068 1618 1108 Catholica

125 1147 271 1187 Christi
300 1145 473 1185 Ecclesia
502 1144 713 1198 agnoveris
729 1142 793 1196 8).”

552 1282 580 1336 §
608 1283 644 1322 2.
700 1280 895 1321 Ecclesiae
922 1279 1166 1332 definitiones.

180 1421 442 1461 Definitiones
467 1419 686 1465 Ecclesiae,
712 1431 809 1471 quas
835 1419 875 1457 in
902 1416 1014 1456 Lasci
1040 1416 1196 1468 seriptis
1226 1413 1472 1457 invenimus,
1500 1412 1619 1464 longe

125 1492 302 1531 melioris
341 1497 459 1529 notae
498 1495 612 1533 sunt,
651 1500 768 1540 quam
807 1499 898 1532 eae,
937 1499 1033 1537 quas
1070 1485 1134 1523 hic
1173 1483 1252 1522 illic
1282 1483 1322 1522 in
1353 1481 1510 1534 scriptis
1539 1481 1620 1520 suis

128 1560 451 1617 commemoravit
481 1559 633 1610 potius,
663 1570 781 1609 quam
811 1556 1032 1608 composuit
1060 1554 1255 1594 Calvinus.
1312 1551 1399 1591 Non
1430 1552 1535 1591 enim
1567 1564 1627 1590 ae·

129 1630 281 1681 quievit
310 1630 330 1667 a
361 1627 483 1666 Lasco
514 1629 555 1666 in
583 1626 850 1679 magniloquis
880 1625 1038 1664 dicendi
1073 1623 1275 1667 formulis,
1314 1634 1410 1674 quas
1450 1635 1471 1660 a
1500 1621 1628 1660 veteri

130 1696 303 1736 Ecclesia
341 1704 596 1736 mutuaverat
634 1696 838 1740 Calvinus,
879 1695 947 1734 sed
986 1695 1068 1746 ipse
1108 1705 1266 1744 quoque
1303 1698 1479 1731 mentem
1519 1703 1629 1729 suam

131 1767 352 1805 accuratius
396 1766 592 1817 explicare
637 1764 802 1803 studuit.
860 1763 990 1815 Ipsum
1035 1760 1293 1799 »Ecclesiae'’
1332 1759 1568 1798 vocabulum
1608 1772 1629 1798 a

128 1835 251 1874 verbo
279 1836 459 1874 ἐκκαλεῖν
498 1835 676 1877 derivat,
716 1840 756 1871 et
795 1832 949 1883 saepius
988 1831 1028 1868 in
1065 1830 1300 1868 definitione
1331 1821 1399 1867 sua
1431 1829 1480 1868 ad
1510 1828 1630 1867 huius

132 1904 240 1944 verbi
266 1903 598 1955 significationem
623 1902 745 1940 redit:
776 1900 867 1939 »Dit
893 1899 1041 1938 Griekx
1063 1899 1218 1938 woordt
1244 1897 1434 1942 Ecclesia,
1460 1896 1631 1950 (dwelek

129 1974 223 2023 »wij
256 1971 410 2011 Kercke
441 1972 484 2010 os
509 1970 759 2022 Ghemeynte
790 1968 974 2022 noemen)
1007 1968 1117 2007 heeft
1147 1980 1275 2020 synen
1304 1979 1419 2006 naem
1450 1979 1527 2006 van
1558 1972 1631 2006 wt-

131 2059 146 2077 n
160 2054 325 2093 roepen‚
351 2041 485 2080 omdat
501 2039 585 2079 God
678 2039 727 2078 de
748 2040 846 2089 sijne
867 2039 908 2077 in
929 2050 1056 2077 eenen
1077 2036 1291 2089 eyghenen
1311 2035 1416 2088 hoop
1437 2041 1551 2087 roept
1568 2034 1631 2088 ²).”

130 2110 326 2155 Libellus,
365 2111 471 2149 unde
510 2110 608 2149 haec
637 2108 758 2148 verba
788 2108 970 2147 desumta
1001 2114 1114 2153 sunt,
1158 2106 1381 2145 »Confessio
1411 2118 1461 2144 sc.
1491 2104 1631 2150 fidei”,

130 2193 246 2233 quam
275 2192 354 2218 una
384 2192 474 2219 cum
505 2178 745 2231 Symmystis
775 2178 856 2217 suis
877 2178 918 2216 in
943 2177 1112 2229 gratiam
1141 2175 1341 2214 Ecclesiae
1366 2173 1632 2224 Londinensis

185 2399 211 2439 4)
236 2399 284 2431 lb.
307 2410 337 2441 p.
363 2400 414 2434 74.

184 2455 210 2494 5)
235 2454 283 2487 Ib.
306 2465 337 2495 p.
364 2453 416 2488 76.
444 2454 548 2485 Tract.
574 2453 612 2485 de
635 2453 774 2484 Sacram.
800 2461 832 2493 p.
857 2450 949 2483 10211.
980 2451 1029 2483 De
1057 2451 1180 2483 incarn.
1212 2449 1336 2482 Christi.
1366 2450 1405 2481 A.
1436 2457 1486 2481 111.
1518 2460 1551 2481 α.
1574 2448 1633 2491 Ep.

135 2509 179 2542 ad
200 2510 287 2541 Edw.
312 2508 368 2540 VI.
393 2508 427 2539 in
452 2508 519 2545 „de
543 2506 703 2540 Sacramf'
729 2517 759 2548 p.
785 2506 838 2541 17.
863 2506 920 2547 Ep.
945 2505 990 2537 ad
1018 2505 1105 2538 Ball.
1135 2507 1166 2537 et
1192 2504 1272 2537 Pell.
1305 2504 1381 2545 (Ser.
1410 2505 1476 2535 ant.
1506 2501 1562 2535 IV.
1586 2503 1633 2535 1³.

133 2564 226 2605 463),
251 2565 309 2606 Ep.
332 2563 376 2595 ad
397 2565 476 2595 Bne.
503 2564 580 2603 (Ser.
606 2565 672 2595 ant.
697 2561 753 2593 IV.
779 2561 825 2592 1²¹.
848 2561 949 2600 465..)

185 2620 211 2658 ⁶)
239 2621 307 2650 Cat.
334 2617 433 2649 Lond.
457 2618 529 2649 mai.
553 2628 583 2659 p.
608 2617 661 2652 76.
685 2617 797 2648 Forma
820 2625 857 2646 ae
879 2615 962 2646 ratio
982 2614 1056 2647 min.
1081 2613 1180 2646 Lond.
1200 2623 1231 2654 p.
1257 2612 1314 2650 74,
1339 2612 1413 2646 176.
1439 2611 1527 2654 Conf.
1541 2611 1634 2654 fidei.

133 2684 162 2715 p.
188 2673 218 2704 2.
246 2674 421 2712 (HEBINGA.
445 2682 475 2712 p.
501 2672 581 2708 231,
607 2671 706 2711 232..)
734 2671 795 2712 Ep.
821 2669 865 2700 ad
889 2670 959 2700 Sen.
982 2668 1053 2700 Pol.
1079 2668 1156 2707 (Ser.
1180 2669 1246 2699 ant.
1271 2666 1335 2697 III.
1361 2666 1528 2706 12100..)

186 2726 212 2768 7)
238 2728 294 2769 Ep.
311 2727 356 2758 ad
369 2726 451 2758 Edw.
471 2725 527 2757 VI.
552 2736 666 2767 praem.
694 2745 709 2761 u
722 2725 760 2757 de
777 2721 937 2755 Sacram.'’
960 2733 990 2764 p.
1008 2723 1058 2754 15.
1085 2721 1132 2753 Cf.
1157 2720 1199 2753 ib.
1225 2721 1283 2759 16,
1304 2721 1356 2759 17,
1380 2719 1483 2762 operis
1507 2731 1537 2762 p.
1557 2719 1633 2759 51¹³,

55 2763 81 2798 A*
136 2781 207 2815 55¹³.
234 2784 295 2824 Ep.
321 2782 365 2814 ad
388 2782 473 2813 Bull.
499 2784 530 2813 et
552 2782 632 2814 Pell.
658 2781 736 2821 (Ser.
761 2781 826 2811 met.
849 2778 904 2809 IV.
930 2779 975 2810 1⁰.
1000 2778 1099 2818 464.).
1129 2779 1191 2820 Ep.
1215 2776 1260 2809 ad
1284 2776 1397 2809 Christ.
1420 2775 1484 2809 III.
1510 2775 1564 2817 (ib.
1589 2776 1634 2810 IL

135 2838 181 2871 2³.
207 2837 281 2869 686.

187 2893 212 2934 Β)
241 2837 298 2934 Ep).
316 2891 361 2923 ad
377 2892 490 2924 Christ.
504 2890 567 2923 111.
584 2891 659 2930 (Ser.
675 2893 742 2922 ant.
759 2889 805 2921 ΙΙ.
819 2890 863 2920 3³.
879 2888 976 2929 686.).
995 2887 1041 2921 Cf.
1054 2888 1159 2930 Simpl.
1177 2887 1283 2930 aefid.
1300 2897 1389 2919 narr.
1405 2897 1435 2928 p.
1449 2885 1633 2918 239—255.

188 2949 212 2989 ¹)
243 2947 332 2990 Conf.
346 2947 439 2990 fidei.
463 2957 495 2989 p.
520 2946 564 2980 2³.
591 2947 767 2986 (HERINGA.
792 2944 891 2984 231.).
