1879 3239
937 49 991 87 14

271 182 364 223 Sine
403 184 484 222 ulla
522 184 662 223 vocula
698 182 834 221 addita
864 181 1120 220 definitiones
1156 181 1242 220 illas
1278 195 1388 222 mere
1418 184 1717 237 descripsimus,

218 253 368 305 opinati
409 253 591 304 volupius
628 252 713 290 sore
743 251 902 294 lectori,
942 250 973 288 si
1006 250 1200 301 ipsissima
1231 250 1381 291 Calvini
1412 254 1532 292 verba
1562 254 1637 292 sibi
1669 253 1719 292 ob

218 323 353 361 oculos
383 323 510 374 posita
540 321 719 360 haberet.
776 319 876 357 Cave
908 325 1064 364 tamen,
1094 333 1144 359 ne
1174 320 1341 359 nimium
1371 322 1593 362 istiusmodi
1623 322 1719 362 defi-

217 391 363 430 nitioni
406 390 594 442 ponderis
639 389 799 428 tribuas.
858 387 1109 440 Magniloqua
1134 389 1260 428 verba
1295 397 1404 435 sunt,
1443 404 1517 430 usu
1555 392 1649 430 trita
1680 398 1720 430 et
1756 425 1760 429 .

217 459 443 510 divulgata,
469 470 569 510 quae
595 465 727 495 tamen
746 468 862 507 quam
894 468 1032 507 parum
1063 456 1224 495 omnino
1246 457 1454 508 proficiant
1476 460 1525 499 ad
1554 461 1641 500 eius
1670 461 1720 499 de

220 527 394 567 Ecclesia
424 527 665 566 sententiam
695 525 978 577 indagandam,
1008 524 1083 564 hoc
1112 526 1239 577 ipsum
1261 533 1378 578 eaput
1407 527 1634 568 luculenter
1663 513 1720 567 os-

219 597 371 636 tendet.

275 734 302 788 §
331 735 366 774 3.
408 733 618 784 Imaqines,
644 733 719 772 sive
742 733 908 785 figurae,
934 733 1067 785 quibus
1096 732 1290 772 Ecclesiae
1314 733 1414 773 notio
1438 733 1667 774 illustratur.

276 871 479 912 »Ecclesia
508 878 637 911 mater
666 879 748 917 est,
787 874 828 911 in
867 873 981 911 cuius
1012 872 1101 911 sinu
1132 874 1341 924 aggregari
1371 875 1457 913 vult
1488 874 1593 914 Deus
1621 873 1725 912 filios

223 955 363 987 »suos‚
392 955 474 981 non
503 943 643 987 modo,
673 950 718 981 ut
748 943 833 981 eius
863 955 982 994 opera
1009 955 1052 981 ac
1076 943 1301 981 ministerio
1327 944 1505 987 alantur,
1535 943 1726 994 quamdiu

223 1029 238 1047 »
252 1012 425 1051 infantes
460 1018 553 1051 sunt
588 1025 631 1050 ac
666 1012 801 1064 pueri,
831 1011 899 1050 sed
929 1024 1023 1050 cura
1059 1002 1179 1050 etiam
1209 1018 1389 1051 materna
1419 1019 1630 1064 regantur,
1660 1012 1726 1050 do-

223 1094 325 1121 »nee
355 1081 604 1125 adolescant,
635 1093 678 1119 ac
719 1080 881 1118 tandem
916 1079 965 1118 ad
1001 1078 1094 1136 fidei
1129 1086 1277 1118 metam
1316 1081 1563 1132 perveniant.
1621 1079 1728 1118 Haeo

223 1151 381 1195 nemin,
420 1162 521 1201 quae
561 1149 666 1187 Deus
700 1149 909 1187 coniunxit
948 1149 1122 1200 separari
1157 1135 1215 1187 sas
1252 1161 1333 1187 non
1364 1156 1443 1194 est;
1482 1156 1548 1193 ut,
1584 1148 1729 1200 quibus

224 1237 239 1254 π
253 1221 335 1271 ipse
376 1227 436 1258 est
472 1225 605 1270 pater,
644 1217 820 1257 Ecclesia
851 1218 972 1257 etiam
1000 1224 1130 1256 mater
1158 1218 1230 1261 sit,
1259 1230 1390 1269 neque
1430 1219 1470 1257 id
1510 1217 1592 1256 sub
1621 1216 1728 1269 Lege

225 1288 394 1331 mnodo,
424 1286 492 1325 sed
518 1286 638 1325 etiam
670 1292 757 1337 post
788 1276 934 1324 Christi
965 1285 1180 1325 adventum
1199 1285 1261 1338 ¹).''
1300 1285 1350 1324 Et
1379 1286 1557 1338 profecto
1586 1286 1729 1324 nullibi

223 1358 386 1402 melius,
421 1357 651 1400 edocemur,
691 1368 810 1406 quam
850 1355 891 1393 in
921 1355 988 1393 illa
1055 1355 1222 1394 »matris
1265 1356 1415 1407 elogio,
1460 1368 1577 1407 quam
1620 1355 1731 1394 utilis

225 1427 305 1465 »sit
336 1425 533 1464 Ecclesiae
564 1425 758 1477 cognitio:
785 1425 945 1476 quando
973 1436 1055 1463 non
1081 1425 1180 1464 alius
1210 1431 1269 1463 est
1298 1425 1338 1463 in
1356 1425 1478 1463 vitam
1510 1426 1731 1476 ingressus,

226 1496 331 1534 »nisi
361 1506 434 1533 nos
462 1494 544 1545 ipsa
575 1493 771 1545 concipiat
801 1494 841 1532 in
872 1501 1010 1538 utero,
1050 1494 1126 1531 nisi
1157 1494 1305 1545 pariat,
1335 1493 1410 1531 nisi
1440 1506 1512 1532 nos
1543 1494 1622 1532 alat
1652 1494 1733 1532 suis

227 1564 469 1608 »uberibus,
505 1563 679 1614 denique
710 1562 783 1601 sub
813 1563 993 1601 custodia
1024 1569 1064 1601 et
1094 1562 1385 1613 gubernatione
1424 1575 1492 1601 sua
1522 1574 1594 1600 nos
1625 1569 1734 1600 tuea-

228 1652 243 1669 »
260 1642 344 1679 tur,
388 1633 513 1672 donec
558 1633 669 1671 exuti
715 1644 832 1670 carne
881 1631 1060 1675 mortali,
1104 1631 1250 1670 similes
1289 1631 1438 1669 erimus
1486 1631 1636 1683 angelis
1667 1630 1734 1682 2).”

228 1703 326 1743 Prae
356 1703 521 1754 reliquis
551 1701 735 1742 omnibus
764 1701 902 1740 matris
931 1702 996 1740 illa
1036 1701 1166 1752 imago
1201 1699 1363 1739 Calvino
1393 1701 1433 1739 in
1459 1701 1612 1739 deliciis
1637 1700 1735 1744 suit,

228 1785 329 1825 quae
365 1785 486 1824 quum
516 1772 679 1824 egregie
709 1784 798 1809 eum
829 1771 914 1809 eius
943 1769 1146 1822 cogitandi
1177 1770 1332 1808 ratione
1361 1769 1550 1820 quadrat,
1587 1769 1736 1807 mirum

229 1841 340 1881 dictu
378 1847 456 1885 est,
496 1847 689 1891 quantum
725 1839 843 1877 saciat
873 1838 922 1877 ad
953 1839 1038 1877 eius
1073 1838 1122 1876 de
1153 1837 1326 1884 Ecclesia
1357 1839 1597 1890 sententiam
1628 1839 1736 1890 peni-

229 1911 309 1950 tius
334 1909 649 1963 perspieiendam
667 1909 714 1961 3);
746 1921 868 1960 quum
886 1907 1120 1960 praesertim
1147 1907 1225 1946 iam
1251 1907 1404 1959 origine
1421 1920 1491 1946 sua
1516 1907 1648 1959 imago
1670 1908 1736 1946 illa

231 1982 334 2020 clare
371 1979 568 2024 ostendit,
605 1991 723 2030 quam
754 1978 933 2030 proxime
965 1976 1152 2016 Calvinus
1183 1977 1223 2015 in
1254 1976 1401 2014 talibus
1431 1990 1452 2015 a
1482 1975 1738 2015 Romanensi-

231 2050 306 2089 bus
335 2049 447 2088 absit.
506 2048 615 2094 Quae
646 2054 852 2100 praeterea
881 2047 960 2085 hue
986 2047 1191 2099 pertinent
1216 2046 1335 2098 longe
1359 2046 1526 2084 minoris
1546 2046 1739 2084 momenti

232 2125 342 2164 sunt,
373 2132 496 2170 quare
526 2118 650 2158 verbo
678 2117 880 2156 monuisse
912 2116 1081 2156 sufficiat
1111 2116 1267 2168 saepius
1298 2115 1402 2167 apud
1432 2128 1522 2154 eum
1549 2115 1740 2154 celebrari

234 2189 438 2242 spirituale
477 2187 624 2227 Christi
665 2194 706 2226 et
763 2204 778 2221 »
792 2186 991 2225 Ecclesiae
1032 2185 1261 2237 coniugium
1279 2184 1354 2238 ¹¹);''
1394 2185 1573 2236 adeoque
1610 2183 1742 2222 Eccle-

234 2258 330 2297 siam
370 2257 484 2296 nobis
522 2257 690 2309 proponi
727 2256 800 2295 sub
840 2255 1015 2308 imagine
1083 2267 1277 2306 »sponsae
1319 2252 1465 2292 Christi
1483 2253 1548 2306 ⁵).'’
1590 2252 1743 2292 Dicitur

236 2339 353 2380 porro
410 2326 650 2378 »Euangelii
689 2325 895 2364 doctrinae
935 2324 1014 2363 fida
1053 2330 1185 2363 eustos
1224 2330 1263 2362 et
1303 2323 1501 2374 interpres
1517 2321 1585 2375 ⁶),'’
1623 2329 1743 2374 atque

237 2398 287 2436 ad
326 2395 436 2436 Pauli
472 2397 598 2435 instar
633 2395 869 2447 frequenter
897 2392 1110 2446 magnifico
1141 2400 1307 2432 ornatur
1335 2392 1453 2431 titulo
1510 2408 1526 2426 »
1540 2393 1746 2431 columnae

279 2566 304 2606 ¹)
329 2565 409 2597 Inst.
425 2564 482 2596 IV.
500 2564 530 2596 1.
549 2564 580 2596 1.
699 2562 724 2603 2)
749 2563 830 2595 Inst.
849 2561 904 2594 IV.
924 2563 953 2594 1.
970 2563 1001 2594 4.
1020 2562 1067 2594 Cf.
1085 2570 1258 2600 orfiti-AM,
1276 2561 1315 2593 de
1330 2562 1454 2593 unitate
1465 2561 1632 2594 Ecclesiae.
1651 2572 1676 2594 0.
1689 2561 1745 2593 VI.

278 2620 304 2660 ³)
331 2619 378 2651 cf.
403 2627 589 2650 semmam.
618 2618 688 2650 Das
719 2618 824 2649 Wesen
855 2617 910 2649 des
935 2618 1072 2649 Protest.
1095 2617 1159 2650 III.
1181 2628 1210 2658 p.
1236 2615 1310 2649 177.
1336 2616 1513 2649 commum.
1550 2617 1677 2650 The'orz'e
1708 2618 1747 2650 de

241 2673 378 2717 Z'Eylz'se
402 2672 530 2716 d'aprks
555 2674 676 2705 Calvin.
701 2671 819 2704 Strasb.
846 2673 942 2704 1858.
967 2684 997 2715 p.
1021 2674 1051 2711 7,
1077 2673 1106 2705 8.
1132 2680 1300 2704 SCHWALB.
1330 2674 1438 2705 Etude
1457 2685 1589 2716 compar.
1608 2674 1663 2705 des
1679 2674 1748 2705 doc-

243 2732 342 2764 trines
365 2730 402 2762 de
426 2727 518 2768 Me‘l„
550 2729 684 2771 Zwinyle
707 2731 738 2759 et
765 2728 883 2760 Calvin.
908 2726 1022 2759 Strasb.
1050 2727 1146 2760 1859.
1169 2737 1199 2768 p.
1227 2727 1300 2760 132.
1324 2728 1483 2762 m‘WISME.
1507 2729 1572 2761 Des
1589 2729 1770 2771 principes·

244 2785 494 2828 d’orqanisatz'on
516 2785 600 2816 Eccl.
626 2785 665 2816 de
692 2783 803 2815 Calvia
827 2782 942 2815 Strasb.
969 2782 1066 2815 1838.
1089 2793 1119 2824 p.
1136 2784 1167 2813 4.

298 2840 323 2879 4)
347 2839 427 2871 Inst.
452 2837 507 2870 IV.
532 2838 584 2869 19.
610 2838 662 2870 35.
687 2837 724 2870 cs.
749 2837 804 2869 IV.
831 2837 883 2868 19.
908 2838 937 2869 2.
1074 2835 1098 2876 5)
1125 2835 1171 2868 Ib.
1196 2836 1252 2868 IV.
1277 2838 1328 2871 1-9.
1354 2838 1406 2870 35.

300 2895 326 2935 ⁶)
350 2893 398 2926 De
423 2892 601 2925 Scandalis.
624 2891 712 2926 Tom.
735 2891 829 2925 VIII.
856 2891 925 2924 8811,
