1879 3239
996 76 1022 114 2

260 201 463 242 notionem
508 206 665 257 proprie
708 207 931 258 pertinent,
977 208 1046 247 sed
1089 208 1130 246 in
1172 208 1257 247 aliis
1295 208 1392 246 locis
1431 213 1564 246 tamen
1603 207 1761 245 silentio

260 272 527 322 praetermitti
566 286 645 312 non
675 282 880 326 poterant,
920 275 960 314 in
996 276 1326 328 praecedentibus
1355 288 1426 327 pro
1455 289 1498 314 re
1528 282 1620 314 nata
1651 287 1762 313 accu-

261 341 386 379 ratius
430 354 622 394 expensa,
665 344 705 382 in
750 344 836 382 loco
880 344 929 383 de
974 344 1147 384 Ecclesia
1188 352 1256 384 aut
1302 345 1480 384 omiserit
1518 346 1655 396 plane,
1694 350 1763 381 aut-

262 408 384 448 verbo
410 411 685 450 tantummodo
711 412 902 463 attigerit.
946 412 1096 452 Rursus
1122 415 1162 452 in
1189 403 1262 452 IV⁰>
1301 412 1630 452 »Institutionis”
1659 412 1762 451 libro

260 475 369 516 haud
406 492 528 530 pauca
568 487 841 532 exponuntur,
881 494 982 533 quae
1022 483 1071 522 ad
1106 482 1320 522 Ecclesiam
1352 482 1452 521 nihil
1482 494 1643 534 prorsus
1673 481 1762 535 atti-

260 553 379 592 nent,
410 554 449 586 et
480 554 630 593 tamen,
665 548 706 586 in
736 549 970 600 compendio
1006 550 1129 589 totius
1169 551 1313 602 quippe
1353 549 1557 601 religionis
1587 560 1762 587 necessa-

260 614 341 660 ria,
369 616 512 655 nullibi
541 617 730 656 idoneum
759 618 885 670 magis
915 619 1047 658 locum
1072 619 1266 671 expiscari
1292 619 1364 658 sibi
1391 624 1616 671 potuerant.
1661 616 1763 655 Sunt

262 695 419 735 quoque
444 685 552 724 haud
577 692 656 725 tam
673 686 819 738 exiguo
835 700 1002 726 numero
1019 700 1096 732 res,
1138 688 1187 727 ad
1203 687 1524 740 Ecclesiologiam
1541 685 1764 725 necessarie

260 752 529 802 pertinentes,
579 767 676 805 quas
706 755 747 793 in
791 756 1111 794 „Institutione”
1143 769 1212 794 sua
1247 757 1392 808 carpsit
1426 756 1558 808 potius
1588 756 1712 794 veluti
1742 766 1763 793 6

259 819 405 866 latere,
445 835 561 873 quam
601 823 782 863 funditus
811 825 1006 868 excussit3
1045 824 1094 863 de
1127 824 1271 875 quibus
1301 838 1397 877 ergo
1427 826 1582 877 plenior
1612 823 1763 863 Calvini

259 890 458 928 sententia
498 893 670 943 petenda
709 901 794 932 erat
834 894 1006 932 aliunde.
1065 892 1200 932 Omnis
1240 906 1357 945 porro
1388 894 1454 932 illa
1490 911 1505 927 n
1520 894 1662 932 Christ.
1693 893 1763 931 rel.

258 957 493 998 institutio’'
531 969 675 1001 natura
715 975 785 1001 sua
824 963 1022 1002 invectiva
1052 969 1113 1010 est
1143 970 1262 1014 atque
1294 963 1486 1014 polemica
1516 962 1762 1005 lucubratio,

258 1040 358 1078 quae
398 1027 491 1068 hinc
516 1030 806 1077 Romanenses,
847 1033 895 1071 ab
935 1033 1058 1071 altera
1094 1039 1206 1084 parte
1236 1033 1338 1083 petit
1368 1031 1659 1083 Anabaptistas.
1695 1029 1762 1068 lVi

256 1098 490 1148 praesertim
530 1098 649 1137 huius
681 1100 811 1151 operis
846 1099 936 1138 libri
968 1100 1070 1142 bona
1100 1112 1189 1151 pars
1219 1099 1397 1138 conserta
1428 1106 1488 1138 est
1518 1099 1673 1151 ingenti
1703 1111 1762 1137 ar-

257 1173 539 1217 gumentorum
570 1169 702 1220 copia,
734 1181 835 1220 quae
866 1169 1006 1207 sedulo
1036 1176 1175 1207 contra
1206 1169 1453 1207 adversarios
1486 1180 1578 1207 suos
1607 1179 1762 1205 coacer-

256 1236 364 1275 vavit
403 1243 560 1281 noster,
601 1237 708 1276 unde
747 1244 883 1282 tamen
921 1238 1005 1276 cius
1045 1238 1094 1276 (16
1134 1236 1306 1275 Ecclesia
1339 1238 1576 1276 sententiae·
1592 1236 1764 1275 nihilum

256 1303 340 1342 sere
379 1305 478 1344 lucis
518 1306 695 1358 affulget.
760 1306 945 1352 Accedit,
984 1307 1092 1359 quod
1132 1307 1173 1345 in
1213 1307 1507 1358 comparatione
1537 1317 1763 1349 versamur,

257 1386 357 1424 quae
397 1375 598 1425 postulare
638 1375 816 1420 videtur,
857 1383 901 1415 ut
931 1382 1220 1427 quantumpote
1251 1375 1463 1426 utriusque
1493 1374 1766 1414 reformatoris

257 1443 457 1481 sententia
497 1444 636 1483 eodem
676 1445 827 1496 pariter
867 1446 1005 1484 ordine
1047 1445 1240 1483 tradatur.
1308 1443 1488 1496 Denique
1529 1456 1602 1482 nos
1639 1443 1765 1481 movit

256 1512 559 1564 plerorumque,
591 1513 658 1565 qui
689 1514 738 1552 de
755 1513 906 1553 Calvini
925 1513 1206 1565 Ecclesiologia
1224 1514 1490 1565 scripserunt,
1520 1512 1766 1563 exemplum,

259 1581 327 1631 qui
364 1593 521 1626 omnes,
560 1583 592 1621 si
628 1595 753 1621 unum
793 1582 959 1621 miwsnffl
990 1584 1179 1634 excipias,
1219 1594 1330 1620 suam
1361 1583 1528 1633 quisque
1559 1582 1633 1620 sibi
1665 1582 1768 1619 viam

258 1649 300 1687 in
335 1650 545 1690 scribendo
575 1653 845 1691 muniverunt.
898 1651 949 1690 At
980 1653 1043 1691 vel
1074 1652 1128 1690 sic
1159 1658 1292 1690 tamen
1324 1663 1442 1689 curae
1474 1650 1588 1689 nobis
1618 1649 1694 1688 suit
1725 1661 1769 1687 ac

260 1719 541 1764 sollicitudini,
572 1727 616 1759 ut
646 1721 820 1772 pressius
851 1721 992 1765 etiam,
1032 1733 1149 1772 quam
1181 1721 1261 1765 illi,
1295 1721 1420 1772 ipsius
1449 1720 1599 1758 Calvini
1631 1730 1769 1770 seque·

261 1801 397 1827 remur
434 1790 620 1841 vestigia,
650 1797 848 1841 quatenus
888 1790 976 1828 illos
1005 1802 1164 1841 quoque
1196 1789 1328 1829 variae
1359 1789 1656 1840 impediverunt
1686 1799 1770 1832 res,

263 1871 364 1909 quae
394 1857 494 1897 nihil
522 1871 595 1897 nos
623 1860 769 1898 morari
800 1844 996 1911 poterant.
1055 1858 1207 1904 Quibus
1243 1857 1427 1902 omnibus
1457 1857 1534 1896 rite
1566 1856 1771 1909 perpensis

264 1938 344 1966 non
384 1933 466 1972 est,
510 1927 616 1978 quod
655 1940 869 1979 angamur,
907 1939 956 1965 ne
997 1926 1056 1964 uti
1096 1925 1325 1977 disputandi
1356 1931 1491 1963 nostra
1521 1925 1624 1964 ratio
1655 1938 1771 1963 verae

267 2002 308 2035 et
352 1995 572 2036 obiectivae
617 1995 768 2036 Calvini
821 1996 1047 2036 sententiae
1101 1995 1341 2047 expositioni
1385 1995 1531 2033 inserat
1575 1994 1773 2033 iniuriam.

267 2063 476 2104 Nonnullis
515 2067 640 2118 igitur
677 2067 905 2118 praemissis
942 2066 992 2104 (16
1032 2065 1231 2109 sontibus,
1270 2064 1376 2102 unde
1417 2063 1615 2102 Ecclesiae
1646 2064 1774 2102 notio-

267 2147 359 2173 nem
397 2135 660 2175 hauriendam
696 2149 782 2175 esse
818 2135 1006 2174 statuerit
1042 2134 1249 2178 Calvinus,
1284 2140 1329 2172 ut
1368 2140 1409 2172 et
1445 2133 1494 2172 (16
1525 2131 1723 2172 Ecclesiae
1753 2145 1775 2172 e

269 2211 405 2243 mente
435 2204 557 2256 ipsius
588 2205 741 2257 origine
772 2212 891 2257 atque
922 2204 1110 2248 historia,
1151 2203 1292 2242 ordine
1323 2203 1480 2242 dicetur
1508 2202 1554 2240 de
1584 2201 1777 2241 Ecclesiae

270 2273 419 2312 notione
457 2274 654 2325 primum,
693 2280 780 2312 tum
813 2273 859 2311 de
887 2272 948 2311 via
982 2283 1027 2310 ac
1064 2271 1233 2316 ratione,
1277 2271 1411 2322 quibas
1441 2275 1630 2321 operatur,
1661 2277 1701 2309 et
1731 2271 1776 2308 de

270 2342 454 2393 reqiminc
501 2343 775 2387 ecclesianam
815 2342 989 2393 denique
1034 2341 1078 2379 cle
1116 2340 1300 2379 relatione
1339 2339 1532 2378 Ecclesiae
1575 2339 1625 2377 ad
1668 2339 1777 2378 alios.

273 2410 410 2464 Neque
453 2411 518 2451 hic
562 2420 695 2451 tamen
739 2412 1037 2451 subsistendum
1082 2410 1197 2448 nobis
1235 2408 1468 2453 videbatur,
1511 2415 1556 2447 ut
1596 2408 1777 2447 funditus

275 2479 426 2520 Calvini
456 2482 505 2520 de
536 2481 710 2520 Ecclesia
737 2487 1080 2533 perscrutaremur
1110 2479 1371 2522 sententiam3
1402 2478 1572 2522 etenim,
1604 2477 1779 2519 Ecclesia

277 2551 404 2601 qualis
446 2563 466 2589 e
511 2552 666 2603 scriptis
711 2550 863 2589 Calvini
906 2549 1181 2601 cognoscitur,
1234 2547 1368 2586 differt
1413 2547 1596 2586 nonnihil
1641 2547 1689 2586 ab
1732 2560 1777 2586 ea

276 2618 471 2665 Ecclesia,
501 2633 602 2672 quac
634 2620 803 2659 Genevis
833 2619 908 2658 sub
937 2619 1061 2657 ductu
1092 2619 1177 2656 eius
1207 2624 1327 2668 atque
1358 2617 1542 2669 auspiciis
1559 2617 1779 2655 instaurata

276 2688 372 2733 suit;
411 2702 533 2741 quare
572 2691 612 2728 in
649 2691 784 2742 primis
824 2701 967 2740 operae
1008 2688 1181 2740 pretium
1219 2686 1451 2730 habuimus,
1491 2685 1642 2725 Calvini
1671 2698 1780 2724 men-

277 2765 379 2802 tem,
408 2758 535 2809 qualis
565 2759 605 2796 in
636 2758 755 2797 huius
785 2757 983 2796 Ecclesiae
1015 2756 1243 2795 conditione
1284 2767 1368 2794 sese
1408 2754 1562 2806 prodit,
1594 2754 1779 2806 paucissi-

274 2829 349 2867 mis
379 2827 589 2866 illustrare.
633 2826 689 2866 De
719 2826 895 2866 Ecclesia
914 2824 1081 2870 Gallica,
1113 2824 1287 2876 Scotica,
1317 2824 1462 2876 patria,
1491 2836 1592 2876 quac
1609 2823 1658 2862 ab
1675 2823 1781 2869 aliis,

276 2908 358 2937 non
396 2903 530 2936 autem
568 2896 617 2935 ab
657 2896 742 2948 ipso
781 2894 943 2936 Calvino
981 2895 1146 2939 suerunt
1185 2894 1415 2940 ordinatae,
1453 2904 1533 2933 non
1564 2899 1646 2941 est,
1675 2893 1782 2946 quod
