1849 3239
771 96 850 136 117

59 240 287 285 docuerint,
318 239 444 292 palam
475 250 564 278 eum
586 235 808 276 consessum
835 244 920 272 esse
946 232 1168 285 promiscue
1193 231 1234 270 in
1260 229 1435 270 Ecclesia
1459 241 1552 271 vere

59 312 196 352 fideles
212 323 301 349 cum
316 309 537 362 hypocritis
553 305 713 346 versari.
745 303 942 349 Quamdiu
963 302 1068 341 enim
1080 300 1313 353 hypocritae
1326 300 1367 339 in
1379 299 1553 339 Ecclesia

59 380 331 433 reperiantur,
356 376 534 415 nondum
558 373 772 427 perfectam
799 384 883 410 esse
910 383 995 409 cam
1020 381 1150 420 neque
1177 368 1418 413 absolutam,
1439 369 1553 408 futile

57 455 160 490 esset
182 448 468 487 demonstrare.
498 443 542 482 In
559 456 604 482 ea
621 448 753 481 autem
770 453 812 479 re
830 452 987 479 omnem
1003 439 1117 477 facilc
1135 437 1424 477 dubitationem
1441 437 1556 477 nobis

58 519 196 559 eximit
222 519 242 556 a
268 515 412 560 Lasco,
438 514 507 553 ubi
533 511 756 565 quaestioni
784 511 824 549 in
850 509 1096 548 Catcchismo
1122 507 1365 560 propositae:
1396 506 1554 558 »Zynsc

59 605 75 623 »
88 588 165 627 dan
202 587 275 625 alle
307 583 570 638 gheloouigh,
609 579 770 632 hcylieh
801 579 902 618 ende
934 576 1258 622 reehtvaardich‚
1292 577 1356 616 die
1386 577 1466 616 also
1497 582 1558 615 tot

59 658 180 697 »dese
207 656 450 709 ghemeynte
472 651 685 704 vergadcrt
710 648 938 688 werden?'’
965 647 1200 700 respondet:
1241 645 1436 692 »Necnsc,
1458 650 1557 685 trou-

59 728 191 767 »wem
217 730 314 765 icant
339 725 432 764 (laer
460 723 537 762 veel
567 721 671 760 boosc
696 720 788 759 cmlv.
811 718 1044 770 gylwveyozsde
1070 716 1186 755 ouder
1212 728 1284 766 syn
1301 714 1385 768 ¹³).”
1443 714 1558 761 Quod

58 798 98 837 in
139 796 215 835 alio
245 797 330 834 1060
361 794 501 833 iisdem
532 792 614 830 sere
645 789 780 830 verbis
810 788 1057 832 enuntiavit,
1087 787 1155 825 ubi
1187 785 1364 838 roganti:
1422 783 1560 823 »Num

60 879 185 906 »vero
212 877 326 904 omne
353 864 409 902 illi
437 867 530 900 sunt
555 873 694 900 revera
719 858 790 897 filii
817 857 906 902 Dei,
934 857 1000 908 qui
1028 869 1067 895 se
1085 861 1351 894 ...externae
1369 854 1558 893 ecelesiae

59 935 235 975 »Christi
266 930 595 973 adiunxerunt?”
635 928 870 980 respondet:
929 942 944 960 »
961 925 1276 977 Haudquaquam.
1337 923 1434 961 Sunt
1462 922 1562 961 cm'm

59 1024 74 1041 »
85 1004 246 1057 plurimi
283 999 600 1054 hypocritac¹¹¹).”
658 997 809 1043 Quibus
848 995 879 1034 si
916 995 1139 1033 addiderim
1169 993 1267 1031 haec
1302 992 1388 1030 cius
1418 991 1557 1030 verba:

57 1074 232 1114 Ecclesia
272 1073 335 1111 »is
371 1084 443 1110 aen
480 1069 720 1108 ‘haerseluc'n
759 1053 1158 1115 1nct'menighcrley
1193 1061 1425 1114 ghcbreken
1456 1060 1559 1099 ende

58 1143 240 1184 »sonden
277 1137 600 1192 behangen¹⁵)‚”
629 1159 681 1165 —
720 1136 846 1174 altera
885 1145 1042 1186 quoque
1079 1131 1431 1171 demonstrationis
1470 1141 1560 1182 pars

57 1214 107 1253 ad
135 1212 332 1264 liquidum
371 1209 447 1248 crit
486 1212 655 1260 peracta.
715 1204 845 1250 Quum
884 1204 1008 1255 igitur
1046 1201 1315 1241 Romanenses
1343 1199 1560 1252 perfectam

56 1282 272 1331 Ecclesiam
308 1281 457 1317 eoeslarc
494 1275 573 1313 iam
601 1278 636 1312 et
664 1272 829 1323 conspici
854 1283 962 1323 posse
991 1270 1244 1314 statuebant,
1283 1268 1467 1308 Calvinus
1498 1280 1559 1306 θεε-

56 1356 158 1392 stare
186 1349 352 1402 quidem,
384 1346 453 1386 sed
483 1357 568 1384 6556
599 1342 860 1386 invisibilem,
891 1353 1007 1393 aerque
1037 1340 1135 1379 adeo
1160 1339 1324 1392 conspici
1349 1350 1430 1377 cam
1452 1349 1560 1389 posse

58 1419 348 1462 arbitrabatur,
396 1417 417 1454 a
457 1414 580 1454 Lasco
620 1425 706 1451 eam
745 1424 860 1463 ‘neque
894 1414 1063 1453 ezr-stare,
1107 1421 1222 1460 neque
1252 1406 1417 1459 conspici
1450 1418 1560 1458 posse

55 1490 290 1532 confitetur;
331 1486 405 1525 etsi
440 1485 614 1523 libenter
649 1481 840 1525 concedo,
879 1479 945 1518 hic
981 1479 1061 1518 illic
1100 1477 1283 1517 nonnihil
1323 1476 1427 1529 apud
1466 1488 1557 1514 cum

56 1571 212 1612 quoque
244 1555 430 1608 reperiri,
462 1554 569 1592 unde
609 1552 834 1590 luculenter
869 1555 999 1602 patet,
1030 1561 1147 1601 quam
1182 1546 1342 1586 difficile
1373 1546 1423 1585 sit
1449 1545 1556 1585 inve-

55 1628 174 1667 terati
205 1626 351 1666 erroris
381 1624 548 1675 vestigia
578 1621 738 1674 penitus
768 1626 969 1659 excutere.

265 1762 291 1816 §
322 1764 356 1802 5.
414 1760 560 1800 Relatio
589 1758 783 1799 Ecclesiae
812 1758 863 1797 acl
892 1757 1091 1809 »Regnum
1123 1754 1350 1794 Coclorzcm.''
1404 1794 1407 1795 γ

108 1903 210 1949 Quid
249 1907 354 1941 esset
384 1901 433 1940 dc
463 1912 588 1952 regno
618 1898 819 1937 coelorum
850 1897 980 1949 deque
1012 1896 1097 1935 eius
1129 1896 1178 1934 ad
1209 1893 1422 1933 Ecclesiam
1453 1894 1552 1932 rela-

51 1975 160 2014 tione
200 1971 474 2014 statuendum,
514 1970 555 2008 in
595 1967 757 2007 Calvino
796 1967 890 2005 satis
931 1966 1044 2005 facile
1084 1965 1182 2004 dilui
1212 1969 1390 2017 poterat,
1430 1975 1552 2014 quum

52 2045 134 2096 ipse
174 2043 215 2081 in
254 2039 557 2080 Commentariis
587 2038 668 2076 suis
698 2036 922 2076 sexcenties
953 2036 994 2074 in
1023 2035 1143 2073 huius
1174 2033 1400 2086 argumenti
1431 2033 1552 2084 expli-

51 2114 206 2153 catione
246 2116 437 2151 versatur.
476 2110 497 2147 ἐι
537 2107 680 2151 Lasco,
727 2113 919 2158 quantum
961 2105 1060 2149 seio,
1098 2103 1403 2143 commentarios
1441 2113 1553 2139 num-

52 2196 170 2236 quam
209 2181 382 2233 scripsit,
427 2185 467 2218 et
505 2177 663 2217 nonnisi
705 2188 819 2228 parce
860 2174 1028 2213 subinde
1068 2174 1108 2212 in
1150 2172 1349 2225 opusculis
1383 2170 1464 2209 suis
1503 2170 1552 2208 de

51 2264 176 2304 regno
229 2237 430 2289 coelorum
483 2248 575 2288 fecit
626 2246 882 2285 mentionem.
970 2243 1155 2288 Quamvis
1198 2242 1322 2294 igitur
1363 2240 1553 2284 fontium,

50 2322 158 2361 unde
192 2319 461 2360 hauriendum
491 2316 605 2356 nobis
634 2322 712 2360 est,
752 2315 854 2353 ratio
885 2314 1066 2365 integrae
1097 2325 1140 2350 ac
1169 2311 1375 2363 paululum
1404 2309 1551 2362 persec-

51 2392 144 2431 tiori
182 2390 302 2429 huius
339 2388 415 2426 loci
455 2385 694 2438 expositioni
725 2396 863 2437 parum
894 2383 1044 2427 faveat,
1082 2393 1182 2432 quae
1214 2387 1346 2419 tamen
1375 2378 1441 2416 hic
1471 2378 1552 2416 illie

51 2461 215 2500 disiecta
251 2458 438 2509 colligere
482 2455 703 2508 potuimus,
743 2454 784 2492 in
823 2465 938 2491 usum
974 2459 1157 2490 nostrum
1197 2450 1351 2502 digesta
1381 2459 1551 2499 expone-

51 2542 148 2569 mus.
207 2528 359 2580 Duplex
389 2527 429 2564 in
464 2525 651 2565 universo
677 2535 845 2575 regnum
871 2527 1022 2566 exstat,
1052 2522 1221 2560 alterum
1247 2518 1349 2563 Deo,
1381 2517 1551 2556 alterum

52 2605 212 2638 satanae
258 2596 480 2639 subditum;
525 2594 631 2646 quod
662 2592 806 2632 exinde
835 2590 1047 2629 manifesto
1078 2587 1414 2641 deprehenditur,
1443 2572 1551 2638 iluod

51 2667 279 2708 Dominicae
326 2663 518 2703 orationis
563 2663 794 2701 articulum:
868 2660 1031 2699 »veniat
1076 2670 1245 2710 regnum
1292 2654 1445 2700 tuum‚''
1489 2654 1551 2694 his

52 2736 185 2782 verbis
216 2735 523 2785 interpretatur:
581 2730 684 2769 »Dat
715 2730 766 2769 is:
798 2741 820 2768 o
851 2727 982 2768 Vader
1010 2727 1209 2768 vernieldt
1239 2725 1307 2764 dat
1332 2724 1455 2775 rijcke
1481 2724 1551 2764 des

92 2903 132 2944 ¹³)
158 2904 227 2935 Cat.
253 2900 352 2933 Lond.
376 2899 448 2932 mai.
473 2910 502 2942 p.
528 2899 584 2937 76,
610 2899 662 2935 77.
754 2899 794 2940 ¹⁴)
821 2899 933 2931 Forma
955 2908 993 2930 ae
1016 2898 1077 2930 ναί.
1102 2895 1174 2928 min.
1198 2895 1296 2928 Lond.
1321 2906 1350 2938 p.
1378 2896 1451 2941 183.

93 2958 132 2998 15)
162 2959 228 2992 Cal.
253 2957 351 2991 Lond.
376 2957 448 2989 mai.
474 2968 502 2998 p.
529 2955 580 2989 79.
