1849 3239
926 88 1004 127 ¹178

216 218 343 258 tuitus
372 225 433 258 est
457 225 652 271 uterque,
681 218 881 258 Ecclesiae
911 221 1023 259 notio
1048 221 1276 260 luculenter
1299 220 1587 267 illustrabitur,
1617 223 1650 261 si
1679 223 1720 261 in

217 294 466 328 antecessum
497 289 751 328 observatum
782 289 859 327 erit
885 288 1091 327 Calvinum
1132 289 1173 327 in
1204 289 1455 341 Theologicis
1488 290 1721 343 theologum

218 357 371 407 potius,
400 359 429 396 a
451 356 575 397 Lasco
606 364 744 396 contra
775 357 1110 409 anthropologum
1142 370 1226 396 esse
1253 358 1474 397 dicendum
1501 360 1539 412 ¹).
1596 360 1721 399 Calvi-

217 438 293 464 nus
333 426 458 478 igitur
497 426 713 465 Ecclesiam
752 427 867 465 unice
900 428 1184 479 propemodum
1216 429 1257 466 in
1286 429 1371 467 eius
1401 441 1490 467 cum
1520 428 1601 467 Deo
1630 443 1721 469 con-
1746 429 1754 475 f

219 495 425 534 iunctione
455 496 670 547 spectavit,
700 495 908 534 hominum
948 496 1081 535 indole
1121 504 1240 548 atque
1275 504 1419 536 natura
1449 510 1609 550 prorsus
1639 498 1721 537 sere

219 564 423 615 neglecta,
463 576 584 615 quum
625 571 761 602 contra
803 565 824 602 a
854 564 978 603 Lasco
1018 566 1067 604 ad
1106 566 1211 617 ipsos
1249 566 1432 605 homines
1467 574 1558 617 ante
1596 568 1726 605 omnia

218 632 508 671 attendendum
545 645 629 671 esse
669 634 836 672 censuit.
895 634 1080 673 Calvinus
1120 634 1331 687 theologus
1371 648 1520 674 sacram
1559 636 1724 687 scriptu·

217 714 299 740 ram
328 701 471 740 efferre
498 703 616 746 solet,
647 708 836 754 tanquam
862 704 1193 755 pretiosissimum
1210 703 1460 749 thesaurum,
1486 716 1564 755 quo
1581 704 1724 743 ¹divina

220 772 376 809 oracula
416 777 536 822 atque
575 772 769 823 mysteria
800 773 1081 818 continentur,
1111 780 1300 824 tanquam
1341 774 1516 813 codicem
1547 773 1725 812 decreto-

219 853 308 879 rum
335 854 378 878 ac
403 841 539 892 legum
565 841 732 880 coelitus
759 842 1118 894 promulgatarum,
1150 855 1247 894 quas
1272 843 1311 881 in
1339 850 1548 881 aeternum
1574 855 1726 880 summa

221 910 389 948 sancivit
419 910 615 949 maiestas.
660 912 680 948 a
711 909 855 955 Lasco‚
895 912 1074 962 quamvis
1104 913 1260 963 saepius
1290 913 1468 964 relapsus
1498 913 1568 957 sit,
1608 919 1727 964 atque

219 990 289 1029 pro
306 985 417 1030 parte
439 979 480 1017 in
497 986 657 1018 vetusto
682 979 859 1019 haeserit
885 993 1043 1025 errore,
1069 982 1245 1033 penitius
1269 989 1404 1020 tamen
1429 982 1552 1021 sensit
1577 982 1726 1021 laetum

219 1047 259 1084 in
291 1059 336 1086 ea
368 1048 417 1087 dc
447 1048 620 1088 hominis
650 1063 721 1102 per
752 1050 954 1089 Christum
985 1064 1006 1089 a
1037 1057 1199 1102 peccato
1224 1052 1502 1103 redemptione
1541 1052 1728 1090 nuntium

216 1131 310 1169 piae
341 1119 485 1157 ceteris
517 1120 810 1158 aestimandum
841 1133 948 1165 esse,
986 1111 1202 1172 legalitatis
1236 1122 1429 1173 principio
1458 1122 1578 1160 misso
1609 1128 1728 1173 atque

218 1188 421 1240 abrogato.
438 1212 491 1217 —
512 1188 698 1228 Calvinus
724 1189 936 1242 theologus
971 1191 1111 1228 statuit
1147 1190 1196 1229 ab
1228 1192 1334 1229 omni
1364 1191 1458 1230 inde
1488 1191 1728 1230 aeternitate

219 1270 289 1308 pro
319 1258 447 1296 libero
479 1270 551 1296 sno
582 1258 749 1297 arbitlio
779 1250 992 1298 descivisse
1024 1259 1170 1305 Deum,
1201 1260 1362 1311 quinam
1392 1261 1576 1299 coelestis
1606 1260 1728 1299 beati-

219 1329 372 1366 tudinis
403 1328 549 1367 ficient
580 1329 794 1380 aliquando
825 1330 1058 1381 palticipes,
1089 1330 1250 1380 quinam
1281 1337 1415 1369 essent
1445 1330 1486 1368 in
1520 1336 1728 1368 aeternnm

219 1398 388 1436 exitium
414 1398 634 1449 reprobati;
663 1412 785 1449 quum
811 1400 831 1436 a
853 1397 977 1437 Lasco
997 1405 1137 1437 contra
1161 1398 1366 1437 hominnm
1395 1405 1578 1450 respectu
1603 1398 1727 1437 Deum

217 1466 360 1505 habuit
391 1474 568 1519 patrem,
608 1468 675 1518 qui
705 1468 862 1519 ingenti
903 1481 973 1506 suo
1005 1480 1139 1506 amore
1171 1467 1272 1506 bene
1303 1468 1411 1519 cupit
1442 1468 1628 1506 universo
1658 1467 1730 1505 hu·

217 1549 334 1575 mano
366 1537 516 1588 generi.
547 1560 600 1565 —
630 1535 746 1575 Hisce
777 1544 1092 1576 consentaneum
1130 1536 1314 1575 Calvinus
1356 1536 1567 1588 theologus
1602 1536 1730 1588 dupli-

219 1617 303 1643 cem
336 1616 421 1642 esse
452 1605 593 1642 statuit
624 1603 862 1649 Ecclesiam,
893 1618 1059 1656 quarum
1089 1606 1213 1644 altera
1240 1618 1370 1644 coram
1398 1604 1468 1643 Dei
1494 1605 1614 1644 solius
1640 1617 1730 1643 con-

219 1679 357 1725 spectu
388 1672 562 1712 Ecclesia
594 1674 815 1718 diceretur,
847 1687 1027 1726 quaeque
1059 1675 1157 1713 adeo
1188 1687 1330 1726 corpus
1361 1681 1466 1713 esset
1491 1675 1730 1718 electorum3

220 1743 366 1787 altera,
406 1743 447 1780 in
488 1756 564 1794 qua
605 1743 809 1795 reprobati
849 1751 888 1782 et
928 1743 1162 1795 hypocritae
1203 1741 1340 1782 clectis
1380 1750 1513 1782 essent
1543 1744 1731 1788 admixti,

220 1813 451 1851 institutum
493 1813 624 1864 potius
663 1812 894 1851 habendum
934 1813 1183 1868 extrinsecus
1222 1813 1264 1851 in
1302 1812 1479 1851 medium
1520 1813 1670 1864 gratiae
1711 1825 1732 1850 a

222 1881 303 1920 Deo
331 1881 563 1920 hominibus
594 1882 835 1933 impositum.
880 1883 900 1919 a
933 1880 1055 1920 Lasco
1084 1882 1265 1921 homines
1295 1873 1403 1921 certe
1428 1882 1554 1934 magis
1585 1888 1733 1933 speeta-

221 1952 299 1995 vit,
339 1964 462 2002 quum
503 1950 718 1989 Ecclesiam
758 1950 942 1990 definivit
971 1951 1189 1990 fraternam
1219 1951 1289 1989 Dei
1320 1952 1538 1989 liberorum
1569 1950 1732 1989 societa-

220 2027 313 2059 tem.
343 2019 576 2058 —Idcirco
616 2019 803 2059 Calvinus
840 2020 1050 2072 theologus
1089 2021 1227 2060 matris
1267 2021 1439 2072 imagine
1475 2021 1515 2059 in
1556 2019 1732 2057 Ecclesia

222 2090 476 2142 depingenda
506 2091 677 2128 maxime
709 2090 953 2134 delectatur,
993 2104 1093 2141 quae
1133 2091 1342 2142 concipere
1374 2102 1447 2128 nos
1481 2089 1622 2133 debet,
1660 2101 1732 2126 nu-

221 2159 320 2197 trire
350 2159 431 2196 suis
460 2157 673 2202 uberibus,
705 2159 794 2196 sinu
830 2171 901 2196 suo
932 2158 1088 2203 fovere,
1128 2166 1247 2210 atque
1278 2159 1468 2203 educare;
1511 2159 1573 2196 vel
1612 2158 1733 2196 etiam

223 2227 366 2267 Domui
403 2227 474 2266 Dei
515 2241 601 2266 cam
633 2228 887 2279 aequiparat,
927 2229 1009 2266 sive
1049 2228 1223 2280 denique
1263 2229 1409 2267 scolam
1449 2240 1535 2266 eam
1570 2227 1733 2271 habuit,

224 2298 265 2335 in
296 2310 414 2348 quam
445 2297 680 2349 congregari
712 2297 798 2335 vult
824 2296 929 2335 Deus
960 2298 1108 2336 electos
1139 2310 1249 2342 snos,
1278 2304 1323 2336 ut
1353 2297 1430 2336 fide
1462 2297 1605 2335 imbuti
1636 2296 1734 2335 divi-

223 2380 315 2406 nam
346 2367 567 2405 doceantur
598 2366 832 2405 doctrinam.
878 2368 899 2404 a
930 2365 1054 2405 Lasco
1085 2374 1222 2405 contra
1254 2365 1471 2405 Ecclesiam
1501 2365 1617 2404 nobis
1647 2377 1735 2417 pro-

223 2449 372 2489 ponere
404 2437 505 2475 solet
534 2443 725 2488 tanquam
751 2448 893 2488 eorpus
919 2435 1087 2481 Christi,
1117 2437 1140 2475 i.
1158 2450 1190 2475 e.
1217 2436 1450 2474 societatem
1478 2448 1637 2480 corum,
1667 2434 1736 2485 qui

223 2514 304 2546 tam
344 2506 566 2545 arctissimo
606 2507 767 2545 vinculo
807 2518 895 2544 cum
937 2505 1095 2544 Christo
1135 2513 1174 2544 et
1213 2518 1284 2557 per
1323 2505 1525 2544 Christum
1565 2498 1743 2544 invicem*

224 2577 393 2615 connexi
424 2583 537 2619 sunt,
568 2588 646 2627 quo
676 2576 796 2614 unius
827 2576 1002 2627 corporis
1031 2575 1210 2613 membra
1235 2575 1447 2613 coniuncta
1473 2587 1560 2613 esse
1586 2574 1736 2618 solent;

224 2646 288 2685 vel
318 2646 439 2684 etiam
471 2645 688 2684 Ecclesiam
719 2644 896 2684 celebrat
922 2651 1112 2697 tanquam
1138 2644 1286 2683 Christi
1313 2651 1475 2689 testem,
1508 2645 1590 2684 sive
1617 2643 1737 2682 socie-

263 2824 288 2864 1)
312 2824 352 2855 In
369 2823 504 2855 secunda
520 2821 793 2854 commentationis
810 2831 895 2852 meac
908 2823 995 2863 parte
1012 2820 1116 2866 dedita
1129 2830 1220 2862 opera
1235 2819 1294 2850 hoc
1311 2819 1607 2851 demonstraveram.
1633 2817 1736 2859 Quum

223 2881 328 2910 autem
357 2878 429 2909 talis
464 2877 637 2919 disputatio
671 2877 709 2908 ad
740 2875 1163 2918 historico-psychologicam
1199 2873 1458 2916 explicationem,
1487 2873 1539 2904 vel
1568 2872 1595 2903 si
1619 2871 1735 2910 n1aviS‚

221 2934 260 2965 ad
286 2933 543 2965 diiudicationem
571 2932 726 2974 pertinet,
756 2931 790 2962 in
812 2931 892 2962 hanc
921 2932 1060 2962 nostram
1089 2928 1326 2971 inquisitionem
1351 2927 1447 2959 inseri
1475 2937 1538 2958 non
1562 2928 1694 2969 poterat.
