1849 3239
868 88 946 127 ’183

157 226 294 265 sertim
325 226 346 263 a
377 223 500 264 Lasco
530 225 731 277 praeclare
762 223 959 262 Ecclesiae
990 224 1193 262 societatis
1222 223 1397 262 indolem
1426 225 1554 264 tuitus
1584 235 1662 271 est,

158 295 262 346 quod
303 295 343 332 in
374 295 555 333 doctrina
586 306 744 345 quoque
775 294 1056 332 constituenda
1086 294 1238 344 aliquas
1268 300 1376 332 certe
1407 301 1540 345 partes
1569 296 1663 348 ipsis

158 364 273 402 sociis
312 364 520 408 tribuerit;
559 376 680 414 quum
719 370 858 401 contra
898 362 1083 401 Calvinus
1119 364 1307 415 quicquid
1338 365 1378 401 in
1409 364 1580 403 Ecclesia
1610 366 1664 404 sa-

155 432 345 471 ciundum
376 434 447 478 sit,
477 433 549 470 soli
583 433 777 471 Ecclesiae
803 433 988 484 regimini
1015 433 1307 484 procurandum
1334 433 1559 477 mandavit,
1589 433 1664 472 hoc

160 509 316 541 tantum
355 503 449 554 ipsis
487 503 603 540 sociis
639 502 800 545 relicto,
836 508 879 540 ut
910 502 1029 540 docili
1060 509 1179 552 atque
1211 501 1405 540 submisso
1435 503 1567 541 animo
1598 503 1665 541 do-

159 572 240 610 ceri
281 584 322 610 se
357 571 571 623 patiantur.
601 594 653 599 —
682 570 726 609 In
757 571 909 609 Calvini
940 571 1064 622 igitur
1093 570 1268 609 Ecclesia
1299 572 1410 610 verbi
1441 572 1567 611 divini
1596 573 1668 610 mi-

160 641 297 685 nistri,
324 641 467 692 quippe
494 654 513 678 a
542 640 622 678 Deo
649 640 842 685 instituti,
869 640 992 691 ipsius
1014 639 1083 678 Dei
1108 639 1310 679 habentur
1326 642 1482 687 vicarii,
1509 642 1668 694 pivinac

160 710 379 749 maiestatis
405 723 570 762 organa,
597 710 664 761 qui
691 710 732 748 in
758 709 893 748 divina
919 722 989 748 sua
1015 710 1165 748 virtute
1192 717 1310 761 atque
1337 711 1514 762 potentia
1541 723 1668 749 sacro-

152 786 336 828 ‚sanctam
377 779 447 818 Dei
487 780 735 818 voluntatem
775 779 1006 817 hominibus
1039 780 1291 818 annuntiant.
1351 780 1466 832 Apud
1496 782 1516 817 a
1547 779 1671 818 Laseo

163 856 299 888 contra
329 850 441 889 verbi
473 850 597 888 divini
628 850 800 887 ministri
831 849 1007 901 ipsorum
1043 848 1242 887 Ecclesiae
1273 850 1470 888 sociorum
1499 850 1674 888 ministri

163 926 398 964 censentur,
442 931 612 970 quorum
657 919 833 970 primarii
873 919 998 957 veluti
1039 919 1257 970 cooperarii
1296 931 1382 957 csse
1422 919 1582 958 debent.
1622 942 1675 946 —

165 988 350 1026 Calvinus
390 988 555 1039 reliquis
594 987 794 1026 Ecclesiae
835 987 1045 1039 praesectis
1084 988 1206 1039 longo
1245 987 1457 1026 intervallo
1496 993 1675 1038 pastores

164 1058 412 1109 anteposuit,
453 1065 642 1109 tanquam
683 1052 941 1109 peculiarem,
981 1056 1178 1107 dignitate
1214 1068 1283 1094 sua
1315 1063 1434 1107 atque
1464 1058 1677 1095 auctorita-

165 1132 205 1165 te
245 1138 338 1177 prae
376 1127 520 1165 ceteris
556 1127 818 1165 excellentem
860 1126 1062 1169 ordinem,
1102 1125 1186 1169 cui,
1223 1137 1301 1163 una
1341 1138 1429 1164 cum
1462 1125 1677 1164 Doctorum

167 1195 327 1239 ordine,
369 1196 537 1233 exclusis
577 1195 742 1246 reliquis
782 1194 987 1238 omnibus,
1026 1195 1233 1233 doctrinae
1264 1208 1357 1233 cura
1387 1195 1574 1234 mandata
1606 1202 1678 1234 est.

166 1264 193 1301 E
234 1264 434 1302 contrario
474 1265 515 1302 in
554 1263 666 1302 Lasci
703 1263 878 1302 Ecclesia
919 1265 1071 1302 nullum
1113 1277 1273 1315 prorsus
1304 1265 1542 1309 discrimen,
1571 1265 1678 1316 quod

167 1334 214 1372 ad
255 1333 433 1371 muneris
472 1333 710 1385 dignitatem
750 1334 857 1371 inter
887 1333 999 1372 verbi
1028 1334 1232 1372 ministros
1263 1341 1302 1372 et
1332 1334 1590 1386 presbyteros
1620 1335 1678 1372 in-

161 1403 352 1447 tercedit,
384 1416 482 1454 quos
508 1404 707 1441 communi
753 1420 767 1437 »
784 1401 1024 1441 Seniorum’'
1052 1404 1213 1441 nomine
1240 1404 1361 1455 vulgo
1387 1405 1677 1456 complectitur.

163 1471 400 1510 Doctoribus
435 1472 569 1510 nullus
601 1473 811 1524 peculiaris
842 1473 882 1510 in
915 1472 1085 1510 Ecclesia
1115 1473 1226 1510 locus
1257 1473 1511 1518 conceditur,
1542 1481 1581 1512 et
1612 1474 1679 1512 do-

163 1542 315 1596 ctrinae
347 1554 441 1580 cura
472 1542 719 1594 presbyteris
749 1554 907 1593 quoque
939 1549 1058 1593 atque
1089 1542 1265 1580 diaconis
1291 1542 1544 1593 aliquatenus
1570 1550 1680 1582 certe

162 1611 365 1662 competit.
433 1611 693 1663 Cooptatione
738 1612 778 1649 in
823 1610 975 1650 Calvini
1017 1610 1190 1649 Ecclesia
1231 1611 1279 1649 ab
1320 1612 1415 1663 ipsis
1454 1613 1679 1664 pastoribus

162 1680 288 1718 futuri
329 1680 504 1730 collegae
548 1679 621 1717 sibi
663 1679 958 1723 adsciscuntur,
991 1679 1097 1717 salva
1129 1679 1368 1718 auctoritate
1399 1681 1678 1732 magistratus,

164 1750 231 1800 qui
273 1750 354 1800 ipsc
386 1761 406 1787 e
439 1760 509 1786 suo
539 1749 672 1787 medio
703 1748 880 1786 seniores
912 1749 1024 1800 eligit
1056 1756 1175 1799 atquc
1207 1749 1406 1797 diaconos.
1465 1749 1579 1789 Nulla
1612 1764 1678 1789 au-

166 1825 244 1856 tem
276 1819 452 1869 ipsorum
483 1817 664 1856 fidelium
695 1818 735 1855 in
761 1817 955 1855 ministris
983 1818 1180 1856 Ecclesiae
1203 1815 1481 1869 praeficiendis
1506 1819 1679 1858 habetur

164 1888 287 1931 ratio,
318 1887 393 1924 nisi
425 1886 530 1937 quod
562 1888 706 1925 tacitus
737 1899 875 1925 eornm
906 1899 1121 1925 consensus
1157 1889 1196 1927 in
1228 1889 1453 1939 pastoribus
1484 1889 1680 1940 eligendis

164 1969 234 2007 per
272 1956 493 1994 ludibrium
535 1956 650 1993 valet.
681 1979 732 1983 —
764 1954 901 2007 Longe
943 1958 1183 1996 contrariam
1224 1959 1465 1997 sententiam
1505 1960 1525 1996 ἐι
1557 1957 1679 1997 Lasco

164 2025 278 2068 tulit,
318 2026 385 2075 qui
426 2025 726 2076 religiosissime
768 2025 947 2077 suffragii
989 2027 1050 2064 ius
1089 2026 1288 2066 Ecclesiae
1328 2029 1443 2066 sociis
1479 2029 1678 2074 vindieat,

165 2094 385 2145 statuitque
426 2094 603 2132 seniores
642 2107 720 2131 una
760 2107 849 2132 cum
890 2095 1066 2134 diaconis
1107 2096 1155 2134 ab
1200 2098 1292 2148 ipsis
1330 2097 1517 2136 fidelibus
1556 2112 1576 2137 e
1607 2112 1679 2138 suo

165 2165 297 2203 medio
334 2165 540 2216 eligendos
577 2177 684 2208 esse,
720 2172 763 2202 ut
794 2167 972 2204 muneris
1003 2179 1162 2218 quoque
1194 2169 1255 2205 ius
1286 2169 1359 2219 ipsi
1392 2168 1589 2207 Ecclesiae
1620 2169 1678 2206 in-

166 2233 350 2272 violabile
391 2239 559 2271 constet.
618 2231 805 2270 Manuum
838 2246 955 2284 porro
986 2235 1251 2285 impositionis
1281 2236 1320 2273 in
1351 2236 1543 2273 ministris
1572 2236 1678 2275 initi-

167 2303 279 2341 andis
310 2302 428 2345 ritus,
459 2302 489 2339 si
522 2301 727 2339 Calvinum
760 2301 917 2345 audias,
949 2315 967 2339 a
1000 2302 1091 2339 solis
1122 2302 1346 2353 pastoribus
1375 2305 1510 2355 peragi
1537 2305 1679 2350 debet,

167 2384 296 2423 neque
337 2372 575 2410 sacramenti
617 2372 776 2409 nomine
808 2378 888 2408 tam
920 2372 1034 2422 plane
1067 2380 1172 2411 essct
1203 2373 1412 2425 indignus;
1445 2387 1566 2425 quare
1598 2387 1677 2413 non

168 2441 393 2492 interrupta
425 2442 545 2479 ctiam
578 2440 689 2479 verbi
720 2440 999 2478 ministrorum
1030 2442 1227 2479 successio
1258 2455 1508 2494 summopere
1534 2444 1582 2481 ad
1609 2443 1678 2482 Ec-

168 2510 327 2548 clesiam
357 2510 492 2548 refert.
551 2509 729 2548 Eundem
760 2522 918 2560 quoquc
950 2510 1071 2548 ritum
1102 2512 1122 2548 a
1154 2510 1276 2549 Lasco
1308 2511 1357 2550 ob
1383 2513 1678 2552 solemnitatem

169 2592 278 2617 suam
310 2580 496 2623 retinuit,
526 2580 581 2617 ita
615 2586 767 2623 tamen,
804 2585 847 2616 ut
878 2579 975 2617 citra
1008 2580 1126 2617 ullam
1159 2574 1484 2631 siipei‘stitionciii
1516 2595 1535 2620 a
1567 2583 1678 2622 verbi

168 2649 360 2686 ministris
384 2661 462 2687 una
489 2662 578 2688 cum
605 2649 770 2699 reliquis
797 2647 997 2687 Ecclesiae
1024 2650 1247 2688 senioribus
1274 2650 1509 2689 celebretur.
1527 2652 1677 2691 ——Cla-

170 2718 277 2755 vium
307 2724 482 2768 potestas
514 2731 533 2756 a
564 2718 725 2756 Calvino
757 2718 849 2756 solis
879 2719 1103 2769 pastoribus
1133 2719 1334 2763 defertur,
1365 2721 1453 2771 qui,
1484 2729 1677 2771 (plantum

171 2788 275 2824 intra
319 2787 537 2838 scripturae
583 2787 681 2826 lines
722 2800 761 2825 se
802 2788 1055 2832 contineant,
1097 2788 1144 2826 ab
1179 2801 1314 2828 errore
1343 2790 1455 2828 vacui
1495 2798 1608 2835 suut,
1639 2799 1678 2830 et

171 2867 313 2905 magna
352 2855 392 2892 in
429 2855 599 2893 Ecclesia
639 2862 837 2906 potestate
869 2855 1067 2907 gaudent,
1107 2869 1207 2907 quae
1239 2864 1279 2895 ct
1309 2857 1349 2894 in
1381 2857 1560 2898 doctrina
1590 2873 1679 2900 eon-

173 2924 394 2968 stituenda,
433 2931 473 2962 et
509 2923 549 2962 in
579 2924 734 2976 legibus
763 2925 939 2963 serendis
969 2925 1232 2977 conspicitur,
1266 2926 1446 2978 inprimis
1476 2935 1608 2968 autem
1640 2931 1680 2970 in
