1879 3239
840 100 887 140 31

119 238 311 281 »Paulus,
340 235 438 288 Eph.
469 235 512 275 V.
542 237 614 281 25;
644 235 844 275 Christum
871 248 912 274 se
938 235 1064 287 ipsum
1091 234 1300 274 tradidisse
1328 248 1397 287 pro
1423 234 1614 280 Ecclesia,

118 314 191 345 »ut
219 306 328 345 illam
357 305 644 350 sanctificaret,
674 312 718 343 ut
748 305 822 343 sibi
853 304 1061 343 exhiberet
1091 304 1301 355 gloriosam
1328 317 1509 355 sponsam
1535 315 1614 341 non

117 374 359 414 »habentem
398 376 592 414 maculam
630 381 697 413 aut
735 387 885 426 rugam.
943 373 1220 412 Niholominus
1259 379 1391 411 tamen
1431 379 1470 410 et
1507 372 1615 410 istud

116 456 285 482 »verum
314 450 391 482 est:
444 443 654 483 Dominum
689 443 869 494 quotidie
902 443 1056 494 operari
1086 442 1127 480 in
1157 442 1268 494 rugis
1299 442 1384 479 eius
1415 441 1616 491 expolien-

117 513 216 552 »dis.
261 511 374 551 Unde
413 513 615 564 sequitur,
654 512 834 551 nondum
873 512 1088 564 perfectam
1119 524 1203 550 esse
1234 511 1319 549 eius
1351 510 1616 548 sanctitatem.

115 580 209 620 »Sic
248 594 344 633 ergo
383 590 517 621 sancta
555 590 614 621 est
653 581 849 626 Ecclesia,
892 588 938 620 ut
977 581 1156 632 quotidie
1196 579 1397 632 proficiat,
1438 578 1615 616 nondum

116 650 317 702 »perfecta
357 652 430 697 sit,
469 652 647 703 quotidie
683 651 891 704 procedat,
928 651 1106 690 nondum
1136 650 1365 702 pervenerit
1395 648 1442 686 ad
1474 646 1616 684 sancti-

116 719 239 758 »tatis
262 726 409 759 metam
436 720 525 773 ¹¹);''
555 733 676 772 quare
705 721 773 759 »in
798 721 903 760 vitae
929 720 1229 772 imperfectione
1256 717 1463 757 toleranda
1489 715 1616 754 multo

116 805 132 822 »
144 788 301 839 longius
331 789 546 840 procedere
576 789 826 841 indulgentia
855 795 991 827 nostra
1021 787 1160 826 debet:
1190 786 1255 825 hic
1286 787 1392 824 enim
1418 785 1531 824 valde
1557 785 1616 823 lu-

115 857 277 896 »bricus
317 865 376 896 est
415 859 567 910 lapsus,
607 871 736 909 neque
773 857 1005 910 vulgaribus
1044 855 1375 895 machinamentis
1409 855 1474 893 hic
1504 860 1617 892 satan

116 925 258 964 »nobis
287 925 501 964 insidiatur
526 925 606 978 ¹2).”
651 925 823 964 Ecclesia
853 932 988 963 autem
1018 924 1229 963 invisibilis
1254 930 1388 962 sancta
1414 930 1492 968 est,
1522 935 1617 974 quo-

114 995 220 1033 niam
251 1007 379 1046 »quos
410 995 531 1046 elegit
565 993 689 1038 Deus,
719 1007 785 1033 eos
815 993 1029 1038 iustificat,
1059 993 1329 1045 reformatque
1360 993 1401 1031 in
1431 992 1617 1031 sanctita·

115 1072 226 1103 »tem
257 1077 299 1102 ac
330 1065 434 1103 vitae
463 1064 682 1102 novitatem
711 1063 795 1115 13).”
841 1099 843 1101 ,

167 1135 222 1172 60.
262 1132 434 1171 Ecclesia
458 1136 511 1170 est
535 1131 744 1176 catholica,
770 1144 848 1183 quo
874 1130 1053 1183 epitheto
1081 1131 1292 1175 docemur,
1337 1130 1465 1169 »sicut
1492 1143 1616 1170 unum

114 1210 202 1242 »est
240 1202 418 1241 fidelium
449 1202 625 1240 omnium
655 1208 792 1254 caput,
822 1202 878 1240 ita
909 1213 1045 1240 omnes
1075 1201 1117 1239 in
1146 1212 1271 1240 unum
1300 1212 1442 1252 corpus
1472 1201 1616 1240 coales-

113 1271 230 1311 »cere
257 1279 460 1323 oportere,
490 1277 534 1309 ut
560 1283 637 1309 una
662 1271 713 1310 sit
739 1272 925 1316 ecclesia,
955 1284 1026 1323 per
1050 1277 1176 1309 totam
1202 1270 1338 1309 orbem
1365 1270 1509 1309 diffusa
1534 1283 1616 1309 non

85 1341 275 1392 v»plures
307 1339 389 1393 ¹4).‘'
445 1338 504 1378 Ita
543 1353 594 1378 sc.
634 1347 795 1392 rogatus
835 1341 875 1378 in
915 1339 1164 1379 Catechismo
1203 1339 1419 1391 respondet
1457 1346 1616 1386 noster,

112 1418 288 1450 ceterum
323 1409 498 1448 libenter
535 1409 636 1447 facio
675 1422 764 1448 cum
805 1409 1026 1455 Hansenio,
1066 1409 1133 1448 ubi
1164 1409 1279 1448 dicit:
1324 1408 1490 1448 »Calvin
1520 1411 1616 1448 lasst

112 1480 224 1519 »sich
254 1479 353 1518 iiber
383 1479 447 1517 die
478 1477 653 1517 Ecclesia
683 1479 877 1519 catholica
913 1480 1047 1531 wenig
1078 1479 1175 1518 oder
1204 1492 1275 1531 gar
1303 1478 1416 1517 nicht
1446 1478 1614 1517 verneh·

112 1562 253 1588 »menz
297 1561 379 1587 was
421 1548 625 1587 vielleicht
670 1548 850 1600 weniger
896 1549 1113 1587 auffallend
1160 1548 1397 1587 erscheinen
1439 1547 1620 1591 mo'ehte,

112 1630 261 1657 »wenn
290 1630 410 1656 mann
441 1630 490 1656 an
520 1617 629 1655 seine
661 1616 1178 1656 Pradestinations-theorie
1210 1617 1336 1656 denkt
1364 1617 1445 1671 ¹⁵).”
1505 1616 1619 1662 Quod

112 1687 153 1726 in
192 1686 373 1738 symbolo
408 1687 528 1738 vulgo
567 1686 659 1726 addi
690 1688 790 1725 solet
820 1687 1134 1739 Apostolicitatis
1165 1687 1395 1739 epitheton,
1423 1699 1619 1739 nusquam

113 1756 217 1808 apud
245 1761 424 1794 nostrum
458 1755 664 1794 laudatum
693 1756 841 1795 inveni.

239 1862 266 1916 ᾗ
295 1864 329 1901 9.
386 1862 528 1908 Notae,
557 1863 689 1915 quibus
716 1875 804 1902 vera
833 1862 1009 1902 Ecclesia
1039 1876 1063 1903 a
1092 1864 1199 1914 falsa
1228 1857 1484 1915 clifflzos'catur.

164 1959 214 2000 Ut
259 1974 279 1999 a
322 1961 417 1999 salsa
452 1973 553 2000 ,vera
597 1961 769 2000 discerni
818 1969 937 2014 queat
980 1961 1182 2008 Ecclesia,
1234 1962 1383 2015 ubique
1436 1964 1615 2003 locorum

111 2029 215 2082 apud
258 2029 463 2068 Calvinum
507 2029 662 2067 duobus
710 2029 820 2069 hisce
864 2030 1082 2081 insignitur
1133 2030 1262 2069 notis:
1325 2031 1464 2070 »verbi
1508 2045 1618 2083 prae-

111 2099 338 2138 »dicatione
381 2105 422 2138 et
465 2106 804 2138 sacramentorum
848 2100 1196 2139 administratione
1235 2100 1308 2154 ¹),’'
1352 2102 1413 2141 vel
1454 2101 1616 2141 brevius

111 2168 230 2208 etiam
270 2181 398 2220 »puro
428 2167 498 2207 Dei
528 2169 639 2208 cultu
665 2169 729 2222 2).”
787 2168 1053 2221 »Ubicunque
1085 2170 1193 2209 enim
1225 2169 1295 2209 Dei
1327 2169 1494 2210 verbum
1525 2183 1618 2223 syn-

151 2334 191 2375 ll)
216 2338 294 2367 Inst.
326 2335 381 2368 IV.
414 2335 518 2369 1.17.
550 2335 588 2367 cf.
621 2334 665 2366 ib.
696 2334 752 2367 IV.
784 2334 814 2366 1.
840 2335 897 2373 13,
931 2335 990 2373 16,
1023 2335 1080 2374 19,
1115 2335 1173 2373 21;
1203 2332 1258 2366 IV.
1285 2335 1315 2366 8.
1341 2335 1400 2367 12:
1427 2334 1482 2368 IV.
1508 2334 1559 2368 20.
1582 2335 1618 2374 23

117 2391 229 2423 Comm.
252 2391 286 2421 in
310 2391 327 2421 I
357 2391 405 2422 Co.
431 2391 461 2421 1.
490 2389 519 2421 2.
545 2392 575 2420 et
599 2390 912 2432 Psychopamzychz'a.
938 2390 1025 2423 Tom.
1049 2390 1140 2422 VIII.
1164 2400 1194 2431 p.
1221 2389 1312 2423 355b.

153 2445 192 2486 ¹2)
221 2446 299 2478 Just.
324 2445 379 2476 IV.
407 2445 436 2478 1.
461 2445 514 2478 13.

152 2502 191 2542 ¹3)
221 2503 289 2532 Cat.
318 2502 392 2532 Gen.
416 2501 503 2533 Tom.
527 2501 620 2534 VIII.
644 2512 674 2543 p.
702 2501 768 2532 162.
794 2501 831 2534 cf.
857 2509 1002 2532 HANSEN.
1029 2510 1060 2534 o,
1076 2500 1099 2532 l.
1121 2511 1151 2542 p.
1178 2500 1229 2532 36.

152 2556 194 2596 14)
223 2556 290 2587 Cat.
319 2557 392 2588 Gen.
410 2556 495 2587 Tom.
514 2555 610 2588 VIII.
629 2556 697 2587 16³.
722 2556 760 2587 cf.
787 2557 880 2597 Resp.
904 2556 950 2588 ad
970 2564 1085 2587 SADOL.
1111 2554 1199 2587 Tom.
1219 2554 1312 2586 VIII.
1337 2565 1368 2596 p.
1394 2555 1495 2595 107b,
1520 2554 1618 2593 110b3

113 2611 187 2643 Ant.
211 2611 256 2642 ad
277 2612 337 2641 art.
365 2611 453 2642 Cone.
481 2610 558 2642 Prid
578 2611 656 2644 Sess.
678 2610 719 2642 V.
745 2610 832 2641 Tom.
856 2609 949 2642 VIII.
979 2620 1009 2651 p.
1033 2609 1131 2647 23223
1164 2612 1259 2652 Hesp.
1289 2609 1334 2642 ad
1359 2611 1473 2652 ver-5232.
1503 2609 1616 2652 quend.

113 2666 201 2697 Tom.
226 2664 318 2696 VIII.
343 2674 374 2705 p.
400 2663 480 2696 310b
504 2666 536 2695 et
561 2665 652 2697 3112.
677 2666 708 2696 ct
731 2665 811 2696 Just.
836 2663 892 2695 IV.
917 2664 946 2696 1.
972 2663 1002 2696 2.

155 2720 194 2760 15)
223 2726 369 2750 HANSEN.
395 2729 422 2750 o.
440 2717 462 2749 l.
486 2729 517 2760 p.
541 2720 594 2754 47.

166 2774 191 2815 ι)
218 2773 327 2806 Antid.
352 2773 396 2805 ad
417 2775 477 2804 art.
492 2773 566 2816 fac.
591 2775 693 2806 Theol.
717 2775 794 2807 Par.
818 2773 905 2806 Tom.
929 2773 1023 2806 VIII.
1047 2784 1078 2815 p.
1104 2774 1193 2806 198³.
1224 2773 1306 2805 Vera
1331 2773 1415 2805 Eccz.
1439 2773 1500 2815 ref.
1524 2774 1616 2806 ratio.

100 2827 199 2862 Tom.
224 2827 317 2859 VIII.
342 2838 371 2869 p.
397 2827 486 2862 279³.
534 2829 612 2860 Just.
637 2828 692 2861 IV.
719 2830 747 2862 I.
774 2829 804 2867 7,
830 2828 864 2866 93
896 2827 953 2860 IV.
978 2828 1008 2862 2,
1031 2827 1067 2867 3,
1091 2829 1123 2860 4.
1153 2828 1209 2869 Ep.
1236 2827 1322 2861 Calv.
1347 2827 1406 2869 Op.
1430 2827 1517 2860 Tom.
1542 2826 1617 2859 IXb.

107 2894 139 2926 p.
165 2884 210 2915 5³.
234 2882 360 2925 passim.

169 2938 195 2980 2)
221 2938 329 2981 Rcfut.
353 2938 440 2972 Holl.
464 2938 551 2973 Tom.
567 2938 658 2971 VIII.
684 2950 714 2981 p.
738 2938 830 2973 490³.
