1849 3239
675 805 879 860 PARS
925 803 1013 858 ΙΙ.

219 962 505 1002 EXPONITUR
529 961 563 997 J.
589 958 613 997 Ᾰ
638 959 788 997 LASCO
813 958 879 995 DE
903 957 1138 1002 EGCLESIA
1162 955 1444 993 SENTENTIA.

685 1164 824 1171 mvtnmvxx
832 1164 980 1171 mevv„

604 1333 1063 1369 PRAEMONENDA.

136 1454 261 1493 Parva
296 1453 408 1492 Lasci
439 1458 480 1492 et
510 1452 674 1504 pulvere
707 1450 916 1503 denigrata
948 1449 1135 1502 opuscula
1166 1448 1196 1487 si
1222 1459 1310 1487 cum
1341 1446 1474 1499 spissis
1499 1446 1582 1487 Cal-

83 1524 164 1563 vini
190 1523 460 1563 voluminibus
486 1522 663 1566 confers,
688 1521 829 1572 ingens
854 1519 1045 1564 fontium,
1061 1518 1168 1557 unde
1184 1517 1450 1556 hauriendum
1467 1516 1582 1556 nobis

83 1600 189 1638 erat,
220 1599 387 1631 naturae
417 1591 645 1630 differentia
669 1596 808 1642 sponte
836 1590 876 1627 in
904 1588 1036 1627 oeulos
1056 1588 1235 1626 incurrit.
1281 1585 1430 1625 Natura
1447 1598 1516 1625 sua
1533 1586 1583 1625 ad

85 1662 336 1702 scribendum
354 1661 537 1713 proclivis
557 1660 622 1699 hic
646 1659 848 1699 uberrime
873 1658 922 1697 de
945 1658 1084 1710 quovis
1100 1657 1304 1696 doctrinae
1320 1657 1407 1695 loco
1423 1662 1581 1695 senten-

85 1733 179 1771 tiam
197 1744 307 1771 suam
332 1730 531 1774 condidit,
557 1741 679 1781 quum
695 1729 761 1767 illc
777 1735 913 1767 eontra
942 1727 1100 1766 nonnisi
1125 1739 1196 1778 pro
1221 1739 1263 1765 re
1290 1732 1382 1764 nata
1399 1731 1439 1764 ct
1456 1726 1580 1764 veluti

83 1802 306 1853 postulatus
346 1799 543 1838 rarissime
582 1799 716 1837 stilum
746 1798 840 1849 egit.
900 1796 974 1836 Ubi
1004 1803 1137 1835 tamen
1167 1796 1270 1848 egit,
1309 1801 1396 1834 tam'
1419 1795 1580 1847 egregie

84 1870 256 1908 auctoris
291 1875 423 1920 partes
463 1868 670 1911 sustinuit,
714 1872 759 1904 ut
798 1865 1032 1917 superstites
1062 1865 1208 1909 libelli,
1247 1864 1321 1903 etsi
1351 1876 1470 1916 grave
1501 1876 1580 1902 am-

83 1937 253 1990 pliorum
293 1936 469 1975 excitent
508 1934 771 1978 desiderium,
816 1940 948 1972 tamen
997 1934 1130 1972 valore
1176 1945 1248 1971 suo
1292 1939 1411 1984 atque
1450 1933 1579 1985 pretio

83 2006 343 2057 exiguitatem
382 2004 539 2043 numeri
577 2004 829 2054 aliquatenus
869 2009 976 2042 certe
1012 2009 1288 2055 compensent,
1328 2009 1368 2041 et
1404 2015 1578 2055 praeser-

82 2076 176 2119 tim,
217 2074 285 2113 ubi
330 2073 378 2112 de
422 2072 596 2112 Ecclesia
640 2073 725 2111 eius
769 2073 967 2111 sententia
1011 2073 1254 2116 sciscitatur,
1296 2072 1441 2110 mirum
1485 2084 1577 2111 sanc

83 2144 193 2184 dictu
233 2144 304 2188 sit,
345 2155 461 2194 quam
501 2149 725 2181 accuratam
764 2141 877 2180 nobis
912 2147 952 2180 ct
986 2142 1150 2180 solidam
1180 2141 1363 2180 notitiam
1395 2140 1576 2192 suppedi-

82 2220 182 2254 tent.
228 2212 313 2258 Quo
343 2213 512 2257 sactum,
541 2219 585 2251 ut
611 2213 659 2251 dc
684 2212 796 2250 nullo
820 2211 903 2250 sere
929 2211 977 2250 ad
1003 2210 1325 2262 Ecclesiologiam
1350 2210 1577 2262 pertinente

82 2285 168 2323 loco
198 2282 330 2326 dubii,
356 2282 451 2333 quid
478 2282 679 2321 censuerit
708 2282 729 2319 a
759 2280 902 2325 Lasco,
932 2280 1188 2319 haeserimus.
1245 2279 1284 2326 Si
1316 2292 1415 2331 quae
1444 2285 1576 2317 tamen

84 2353 168 2391 sine
192 2352 448 2404 responsione
469 2351 782 2403 praetermiserit
807 2351 910 2402 ipse,
935 2350 975 2388 in
992 2349 1149 2388 silentio
1168 2349 1379 2388 maluimus
1401 2348 1575 2400 acquies-

83 2435 193 2466 cere,
244 2434 360 2473 quam
404 2427 562 2472 praeter
601 2421 728 2473 ipsum
768 2425 970 2458 auctorem
1010 2431 1146 2471 sapere
1187 2425 1226 2457 et
1265 2417 1377 2457 Lasei
1415 2419 1575 2458 nominc

83 2503 287 2545 promere,
326 2490 374 2529 dc
415 2490 558 2542 quibus
596 2491 677 2542 ipse
716 2489 847 2528 forsan
886 2501 935 2527 ne
966 2489 1156 2540 cogitavit
1186 2488 1358 2539 quidem.
1415 2487 1458 2525 In
1489 2489 1575 2526 uni-

83 2573 199 2600 verso
229 2561 373 2613 igitur,
403 2566 450 2598 ut
478 2559 755 2612 compositioni
785 2559 1082 2602 consuleretur,
1113 2557 1280 2596 candem
1309 2569 1468 2609 prorsus
1497 2557 1574 2596 dis-

84 2630 268 2682 quirendi
308 2630 501 2668 rationem
541 2642 584 2668 ae
623 2630 663 2668 in
698 2628 828 2680 priore
860 2634 969 2679 parte
1001 2628 1113 2679 sequi
1143 2627 1355 2679 potuimus.
1412 2625 1488 2665 Ubi
1517 2632 1573 2665 ta-

82 2711 173 2738 men
200 2712 221 2738 a
247 2697 408 2738 Calvino
434 2698 512 2736 tale
538 2698 632 2749 quid
659 2698 743 2736 susc
770 2697 1002 2749 exponitur,
1032 2697 1081 2736 de
1108 2709 1186 2748 quo
1212 2696 1315 2748 apud
1340 2694 1506 2734 Lascum
1523 2707 1572 2734 ne

67 2758 222 2807 'vocula
261 2768 422 2819 quidem
472 2768 663 2813 occurrit,
702 2767 769 2805 ubi
814 2779 951 2805 rursus
989 2779 1009 2804 a
1049 2765 1210 2805 Calvino
1250 2765 1437 2804 omissum
1476 2765 1572 2808 suit,

84 2838 189 2889 quod
224 2850 246 2876 e
276 2836 387 2876 Lasci
427 2837 624 2876 sententia
664 2837 851 2876 omissum
882 2842 1066 2881 noceret,
1097 2835 1301 2887 paululum
1331 2835 1380 2874 de
1413 2835 1474 2873 via
1500 2847 1571 2873 nos

85 2906 278 2947 decessise
309 2919 372 2946 res
397 2906 479 2959 ipsa
505 2906 657 2945 clamat.
701 2905 745 2945 In
780 2905 958 2958 margine
984 2904 1093 2944 Lasci
1126 2905 1404 2957 opusculorum
1431 2903 1572 2943 scriem
