1849 3239
783 117 859 156 163

82 269 98 287 »
112 252 243 304 aliquo
279 251 398 291 modo
427 251 603 291 variat-&³
641 257 803 304 possunt
830 251 888 303 ¹⁹).
944 264 974 290 c.
1004 250 1217 290 Iurisdiotio
1246 249 1443 289 Ecclesiae
1481 256 1563 289 tota

79 322 162 360 sere
187 328 368 360 versatur
392 321 432 360 in
470 321 649 373 legitimo
681 321 911 372 disciplinae
946 333 1030 359 usu.
1074 319 1282 359 »Christus
1316 321 1421 359 enim
1454 318 1563 358 Dom.

82 407 98 425 >›
110 391 212 435 vult,
242 397 286 429 ut
311 403 377 429 eos
401 391 559 435 fratres,
589 403 658 442 per
678 403 775 441 quos
800 390 938 429 offensi
964 390 1096 441 aliquo
1120 390 1238 429 modo
1261 401 1413 432 sumus,
1445 389 1565 427 totius

81 457 307 498 »Ecclesiae
346 460 581 498 auctoritate
619 459 903 511 redarguamus
931 459 1020 511 ²⁰).''
1078 458 1215 498 Omnia
1249 459 1372 511 igitur
1400 457 1563 496 discidia

80 534 232 572 nostra,
261 529 336 567 nisi
370 529 476 568 inter
509 528 652 567 amicos
685 529 865 581 componi
896 535 1062 580 queant,
1091 530 1139 568 ad
1165 528 1361 567 Ecclesiae
1386 527 1563 566 seniores

82 597 296 636 deserenda
326 605 439 642 sunt,
469 597 641 648 »quibus
671 610 764 636 sane
793 610 926 636 curam
956 604 996 636 et
1029 597 1309 650 gubernandae
1340 604 1380 635 et
1409 607 1562 635 conser-

83 667 261 706 »vandae
299 666 495 706 Ecclesiae
534 666 809 705 demandatam
848 679 932 706 esse
971 674 1124 706 constat
1155 667 1240 719 21);”
1283 667 1429 718 quique
1468 664 1566 703 adeo

84 751 98 769 »ι
113 747 183 786 pro
211 735 415 773 sunetione
445 734 504 773 sui
533 735 745 773 ministerii
774 742 976 787 peccatum
1014 736 1160 788 ligant,
1197 736 1442 787 ligatumque
1482 745 1567 773 esse

83 804 153 842 »in
184 804 295 842 coelo
324 804 472 856 pariter
501 817 544 842 ae
574 805 613 842 in
645 811 749 843 terra
779 805 887 843 iuxta
919 805 1137 843 doctrinam
1163 804 1274 843 verbi
1301 803 1370 843 Dei
1400 815 1570 856 pronun·

84 890 99 907 n
114 873 218 912 ciant
243 873 328 926 ²²).”
383 872 427 911 In
467 873 648 912 omnibus
688 881 818 913 tamen
853 874 901 913 ad
932 875 1051 926 ipsam
1083 873 1295 912 Ecclesiam
1326 873 1454 912 valeat
1483 884 1570 924 pro·

83 943 257 987 voeatio;
286 956 376 981 narn
402 943 492 981 ideo
515 944 684 982 maxime
727 960 742 978 n
754 943 895 995 Papam
920 943 1206 982 Romanensem
1232 950 1272 981 et
1297 943 1445 981 iuratos
1466 942 1572 980 illius

85 1011 315 1063 »episcopos
344 1012 526 1063 (arguit),
556 1012 661 1063 quod
691 1010 904 1058 Ecclesiam
934 1011 997 1050 hic
1022 1025 1101 1050 non
1131 1018 1354 1056 morantur,
1384 1011 1453 1050 sed
1483 1023 1572 1049 eon-

85 1087 264 1132 »tempto
287 1081 392 1119 illius
414 1081 559 1119 iudicio
581 1082 712 1120 nescio
729 1094 842 1133 quam
861 1081 933 1120 sibi
951 1081 1264 1120 iurisdictionem
1280 1087 1468 1132 arrogant
1483 1079 1572 1132 2³).''

537 1218 564 1270 §
592 1220 627 1257 6.
682 1218 944 1257 Mioeistrorum
972 1219 1110 1271 officia.

137 1355 188 1395 Ut
217 1362 393 1401 constet,
431 1368 626 1407 quaenam
665 1358 685 1394 a
725 1356 846 1395 Lasco
880 1356 1078 1395 Ecclesiae
1108 1357 1299 1395 ministris
1327 1355 1576 1395 mandaverit

83 1425 229 1470 officia,
268 1426 370 1464 serie
409 1426 627 1464 videndum
667 1426 743 1464 erit
782 1426 830 1464 de
871 1424 1265 1478 Superintendentis‚
1303 1425 1576 1463 ministrorum

83 1494 215 1537 verbi,
251 1495 449 1532 seniorum
485 1502 525 1533 et
560 1495 815 1533 diaconorum
840 1507 1016 1533 munere.
1065 1493 1413 1545 superintemlentis
1441 1493 1574 1544 officia.

84 1562 459 1614 Superintendcntis
484 1564 748 1602 ministerium
789 1564 949 1602 »divina
976 1571 1035 1602 est
1065 1565 1105 1602 in
1136 1563 1280 1602 Christi
1312 1562 1486 1602 Ecclesia
1517 1575 1576 1601 or·

85 1633 263 1671 »dinatio
294 1646 363 1685 per
388 1633 597 1684 ipsummet
623 1632 822 1671 Christum
845 1634 951 1671 inter
971 1633 1074 1684 ipsos
1099 1622 1216 1670 etiam
1245 1633 1441 1684 apostolos
1466 1632 1578 1671 insti-

86 1709 201 1740 »tuta
221 1701 286 1754 1),”
325 1715 423 1753 quae
464 1714 627 1753 »parem
658 1702 804 1753 alioqui
834 1709 952 1753 atque
983 1702 1187 1753 aequalem
1204 1703 1368 1740 aliorum
1401 1701 1575 1740 omnium

86 1778 350 1822 »potestatem
382 1778 492 1809 certo
522 1772 652 1822 aliquo
678 1772 956 1810 sollicitudinis
981 1771 1119 1809 ordine
1145 1778 1305 1822 superat
1322 1771 1394 1824 ²),'·’
1424 1779 1463 1810 et
1489 1772 1580 1810 ideo

83 1839 266 1877 instituta
296 1847 378 1884 est,
408 1848 451 1878 ut
483 1841 638 1878 »omnia
672 1842 710 1879 in
742 1840 915 1879 Ecclesia
947 1841 1085 1878 ordine
1116 1853 1159 1878 ac
1185 1840 1374 1879 decenter
1398 1840 1495 1879 fiant
1512 1840 1579 1891 3).”

82 1907 307 1947 Istiusmodi
347 1915 479 1947 autem
519 1909 710 1960 praesulis
749 1909 872 1947 officia
908 1909 1005 1947 haee
1035 1917 1145 1947 sunt:
1177 1916 1251 1948 »ut
1282 1922 1417 1948 omnes
1446 1908 1577 1948 Eccle-

83 1977 193 2016 »siae
222 1978 426 2015 ministros
457 1977 661 2021 observet,
692 1977 809 2016 fidem
842 1978 998 2016 illorum
1024 1979 1276 2017 commendet
1301 1992 1343 2017 ac
1368 1979 1578 2030 segnitiem

438 2046 470 2066 ἡ).

85 2046 446 2098 »reprehendat4),
498 2047 772 2085 ministrorum
803 2054 959 2085 coetum
990 2054 1182 2086 convocet
1198 2047 1270 2100 ⁵),’'
1300 2048 1349 2086 sit
1379 2048 1579 2099 exemplar

85 2116 278 2166 »reliquis
314 2115 506 2154 ministris
545 2115 728 2154 omnibus
757 2115 834 2165 6),”
864 2123 903 2154 et
949 2117 1017 2154 »in
1047 2117 1234 2154 universo
1274 2128 1429 2154 omnem
1468 2127 1578 2154 suam

86 2201 101 2217 »
116 2195 274 2234 operam
291 2181 488 2221 Ecclesiae
514 2183 717 2234 impendat
743 2183 781 2221 in
804 2184 950 2222 tuenda
978 2184 1044 2222 illa
1061 2183 1125 2236 ⁷).”
1140 2207 1192 2212 —
1208 2183 1408 2223 Pastorum
1432 2184 1577 2236 officia,

85 2265 185 2304 quae
223 2252 352 2290 onmia
397 2250 622 2290 »Ecclesiae
663 2251 929 2291 aedificationi
955 2252 1007 2305 8)”
1047 2253 1239 2291 inservire
1278 2253 1447 2298 debent,
1486 2260 1578 2292 sunt

86 2322 312 2374 sequentia:
342 2327 388 2359 ut
430 2333 596 2372 »puram
627 2328 745 2372 atque
776 2322 1044 2372 incorruptam
1072 2322 1292 2360 doctrinam
1315 2321 1356 2361 V.
1375 2321 1416 2361 D.
1447 2321 1577 2360 Eccle-

86 2410 101 2427 »
115 2393 194 2431 siae
212 2403 303 2430 suae
322 2390 479 2428 tradant
494 2390 568 2442 ⁹);'⁷
596 2398 638 2428 ut
656 2391 830 2429 »divinas
851 2391 1122 2430 institutiones
1139 2390 1449 2436 Ecclesiasticus,
1466 2391 1580 2444 (quas

127 2564 165 2604 19)
191 2563 237 2596 Ib.
261 2575 292 2606 p.
317 2564 368 2596 19.
545 2564 585 2605 20)
610 2563 657 2596 Ib.
681 2576 711 2606 p.
737 2564 809 2598 272.
986 2565 1027 2605 2¹)
1053 2566 1101 2597 Ib.
1125 2576 1155 2608 p.
1180 2566 1254 2600 273.

126 2619 166 2659 22)
192 2618 240 2650 Ib.
263 2630 293 2661 p.
318 2619 391 2652 360.
568 2620 608 2660 23)
635 2619 682 2652 lb.
706 2630 736 2661 p.
761 2619 834 2651 334.
860 2618 907 2651 Cf.
931 2619 973 2653 ib.
998 2631 1027 2662 p.
1053 2621 1133 2658 331,
1158 2621 1238 2660 398,
1262 2621 1336 2653 400.

140 2673 166 2713 ¹)
191 2675 290 2705 Form.
315 2684 352 2705 aa
373 2676 434 2705 rat.
458 2674 530 2705 min.
554 2674 651 2706 Lond.
675 2684 706 2716 p.
731 2686 761 2716 ρ.

61 2752 66 2756 .
141 2729 166 2768 2)
191 2727 239 2759 Ib.
262 2738 293 2769 p.
319 2728 347 2759 1.
373 2727 420 2760 Cf.
443 2738 473 2769 p.
499 2729 572 2761 513.
749 2729 777 2769 ³)
800 2728 846 2760 Ib.
870 2739 899 2770 p.
926 2729 955 2760 1.
1133 2731 1158 2771 ⁴)
1185 2729 1231 2762 Ib.
1255 2740 1285 2771 p.
1310 2730 1342 2761 2.

86 2784 88 2786 ’
140 2783 166 2822 5)
191 2781 238 2814 Ib.
415 2781 440 2822 6)
466 2781 512 2814 Ib.
537 2794 567 2825 p.
593 2783 622 2815 3.
647 2783 693 2816 Cf.
719 2794 748 2825 p.
775 2785 809 2822 5,
835 2783 893 2823 26,
917 2783 975 2822 27,
1000 2784 1053 2816 42.
1230 2783 1255 2824 7)
1281 2783 1327 2815 Ib.
1351 2795 1381 2826 p.
1407 2785 1435 2817 3.

140 2837 166 2877 8)
194 2836 240 2868 lb.
265 2846 295 2878 p.
320 2847 341 2877 η
364 2839 394 2867 et
417 2847 447 2878 p.
472 2837 545 2868 144.

142 2891 166 2931 ⁹)
193 2891 240 2924 Ib.
265 2902 295 2933 p.
321 2893 359 2923 θ.
384 2890 429 2923 Cf.
454 2902 483 2933 p.
510 2903 547 2931 α,
572 2893 645 2926 178.
684 2893 772 2935 Conf.
787 2892 871 2934 fidez¹
893 2903 924 2934 p.
948 2893 990 2924 22
1017 2895 1182 2934 (ΗΕΒΙΝΟΑ
1207 2894 1304 2935 271).
1342 2895 1403 2937 Ep.
1431 2893 1475 2926 ad
1502 2895 1581 2927 Bull

89 2946 172 2987 (Ser.
197 2948 262 2978 ant.
286 2946 340 2978 IV.
367 2947 410 2979 1³¹.
434 2947 535 2986 456.).

1391 3008 1444 3030 ιι*
