1849 3239
837 86 888 125 87

117 219 245 266 Quum
286 225 417 257 autem
460 219 617 258 oracula
658 231 726 257 sua
767 219 805 256 in
847 231 874 257 5.
906 219 1099 270 scriptura
1133 217 1236 257 Deus
1267 219 1471 272 deposuit,
1513 235 1613 273 quac

117 290 179 328 vel
222 290 448 327 mortalium
495 298 650 342 captum
697 297 915 340 superant,
961 290 1021 327 vel
1066 289 1183 326 etiam
1230 290 1374 328 rationi
1419 290 1615 331 humanae

115 371 196 397 non
242 359 384 396 leviter
423 371 538 411 saepe
581 365 830 410 oppugnant,
872 357 941 396 Dei
989 359 1195 402 maiestas,
1236 365 1279 395 ut
1325 360 1430 398 salva
1483 362 1532 399 sit
1576 368 1616 400 et

116 434 273 465 constet
298 427 540 471 incolumes,
570 426 794 465 indubitate
825 427 1018 477 postulat,
1058 434 1103 464 ut
1133 433 1366 465 reverenter
1395 441 1416 466 a
1445 428 1616 468 homini-

115 497 189 536 bus
228 503 268 535 et
311 509 399 535 cum
441 497 630 547 obsequio
669 496 802 534 divina
846 495 941 534 Eius
982 496 1164 535 doctrina
1208 497 1459 548 excipiatur,
1500 512 1618 549 quam

116 567 255 606 electis
285 567 366 604 suis
397 565 566 618 Spiritus
596 565 656 603 sui
688 566 836 604 virtute
862 566 902 604 in
928 566 1104 617 ipsorum
1130 566 1249 604 corde
1274 567 1453 606 revelare
1479 567 1615 620 digna-

119 644 182 675 tus
211 642 283 675 est.
341 635 390 675 Se
421 648 578 687 quoque
608 647 693 674 esse
725 648 744 673 a
771 634 852 673 Deo
877 635 918 673 in
944 636 1163 675 electorum
1188 648 1356 675 numero
1381 637 1617 676 collocatum

118 705 280 744 Calvino
319 711 429 745 certo
473 705 619 744 certius
663 716 894 756 persuasum
939 705 1081 750 fuisse,
1126 717 1242 743 nemo
1280 705 1394 744 facile
1434 706 1617 758 negabit;

117 776 224 826 unde
261 776 462 827 sequitur,
501 775 726 827 proximum
752 775 836 812 eius
865 774 1074 812 consilium
1105 774 1248 819 fuisse,
1279 782 1323 813 ut
1354 787 1466 813 suam
1496 776 1620 827 ipsius

119 845 342 884 doctrinam
374 844 545 897 populus
576 845 616 883 in
647 856 806 883 succum
837 851 877 883 et
903 844 1137 895 sanguinem
1163 850 1416 883 converteret
1429 845 1468 897 ³).
1513 844 1619 885 Haec

120 921 254 954 autem
284 916 486 960 doctrina,
522 927 600 966 quo
631 915 680 953 ad
709 915 831 953 vitam
861 914 986 966 regit,
1017 921 1123 958 erat,
1154 920 1199 952 ut
1229 927 1317 952 cum
1349 913 1536 952 Saissetio
1565 915 1621 953 lo-

121 996 308 1036 quamur,
348 996 456 1022 »une
496 984 665 1036 religion
701 983 877 1027 sombre,
920 989 960 1021 et
991 983 1057 1033 qui
1088 983 1214 1021 tenait
1244 984 1281 1021 la
1311 983 1494 1022 creature
1524 983 1622 1023 dans

121 1065 228 1091 »unc
268 1053 523 1104 dependance
563 1059 603 1091 et
641 1052 922 1091 tremblement
956 1052 1175 1102 perpetuel.
1234 1050 1294 1090 Un
1326 1053 1431 1090 culte
1462 1054 1620 1099 severe,

121 1122 371 1174 »impe'rieux
410 1122 507 1160 dans
543 1134 603 1160 ses
643 1121 927 1173 prescriptions
957 1126 1117 1164 autaut,
1157 1133 1233 1171 que
1264 1121 1402 1173 simple
1433 1122 1531 1161 dans
1561 1136 1623 1162 ses

122 1191 407 1229 »ce-remonieS.
466 1189 550 1229 Une
579 1191 728 1229 morale
759 1203 928 1242 presque
957 1188 1168 1235 sarouche,
1200 1190 1267 1241 qui
1297 1190 1429 1229 faisait
1454 1191 1508 1230 du
1529 1193 1621 1232 luxe

121 1272 205 1298 »un
245 1260 387 1304 crime,
427 1266 467 1298 et
498 1260 546 1298 de
577 1261 612 1298 la
640 1260 722 1311 joie
753 1272 807 1298 un
839 1266 1005 1311 outrage
1035 1260 1056 1297 a
1088 1258 1278 1311 Dieu‘1).’²
1338 1258 1460 1298 Laeta
1490 1261 1624 1302 hilari-

69 1321 72 1323 *
122 1335 180 1368 tas
209 1329 393 1368 laedebat
422 1330 671 1368 maiestatem
702 1329 884 1369 Divinam
914 1331 954 1368 in
985 1330 1170 1374 homine,
1202 1330 1269 1381 qui
1300 1330 1340 1368 in
1372 1342 1413 1369 se
1439 1331 1560 1370 miser
1585 1339 1626 1371 et

121 1399 292 1452 peccatis
317 1398 545 1437 submersus
570 1411 715 1450 paene,
746 1398 802 1436 nil
827 1405 987 1450 praeter
1011 1398 1141 1437 cordis
1167 1399 1448 1438 contritionem
1474 1401 1624 1452 spirare

123 1468 295 1507 debebat
312 1467 351 1521 ⁵).
409 1466 468 1505 En
500 1468 698 1519 triplicem
729 1481 905 1513 causam,
937 1481 1060 1520 quare
1091 1469 1297 1520 disciplina
1327 1469 1429 1508 Eccl.
1460 1469 1629 1521 requiri-

125 1543 212 1593 tur,
242 1543 286 1574 ut
311 1536 516 1575 doctrinae
543 1536 662 1575 fidem
687 1544 891 1589 praestent
920 1537 1120 1583 homines,
1146 1550 1195 1576 ne
1227 1538 1285 1577 uti
1312 1545 1443 1591 spreta
1470 1539 1627 1579 divinae

126 1604 244 1657 Legis
275 1606 512 1645 auctoritate
543 1607 713 1658 peccatis
742 1607 995 1659 indulgeant,
1034 1620 1085 1647 ne
1114 1607 1288 1659 denique
1318 1609 1502 1649 miseriae
1533 1621 1629 1650 suae

131 1790 201 1816 „un
225 1788 334 1820 moyen
362 1776 516 1809 d'uctiver
539 1777 585 1808 les
608 1776 765 1809 indolents
788 1780 820 1809 et
843 1780 888 1810 les
908 1789 1103 1820 pai-essene,
1127 1789 1164 1810 en
1189 1790 1209 1810 n
1236 1778 1428 1821 quelquefois
1453 1791 1514 1812 une
1543 1791 1632 1824 τεν-με’

131 1833 303 1875 „paternel
329 1842 412 1873 pom·
447 1830 570 1862 cheitier
605 1831 785 1864 doueement
821 1843 899 1864 ceux
927 1834 979 1875 qui
1010 1836 1063 1864 ont
1093 1834 1216 1865 commis
1250 1834 1288 1865 de
1317 1831 1457 1875 gjrandes
1481 1835 1632 1878 fautes.³’

127 1886 175 1918 Cf.
200 1895 225 1917 J.
251 1894 418 1924 GABEREL,
443 1884 529 1916 Hist.
554 1885 592 1916 de
615 1885 743 1927 Z’Eylise
767 1887 805 1918 de
833 1886 963 1920 Ge'nbw.
988 1888 1066 1933 Gen.»
1089 1888 1184 1920 1853.
1210 1888 1236 1920 Ι.
1262 1888 1335 1919 254.
1360 1890 1391 1920 61
1415 1899 1441 1922 6.
1466 1891 1628 1923 5ΤὲὶΗΕΜΝ

130 1941 317 1979 „Iohannes
350 1939 480 1972 Calviffl
511 1940 543 1971 in
574 1940 812 1973 HAGENBACH'S
841 1943 912 1974 Leb.
945 1954 975 1974 u.
1007 1953 1139 1984 ausqew.
1170 1944 1255 1976 Schr.
1286 1943 1342 1974 der
1376 1945 1445 1976 Vc'c't.
1475 1956 1505 1977 u.
1535 1947 1630 1988 Bessr.

126 1995 183 2027 cler
206 1995 280 2036 Res.
306 1995 433 2026 Kz'relze.
459 1994 515 2026 IV.
539 1995 577 2028 A.
601 2006 632 2037 p.
658 1996 732 2034 127,
756 1997 811 2039 qui
835 1997 893 2028 etsi
916 1997 955 2028 ad
978 1996 1189 2029 moralitatem
1219 1998 1418 2041 disciplinam
1443 2000 1556 2032 referre
1577 2012 1630 2043 po-

125 2049 189 2081 tius
205 2049 345 2087 videtur,
371 2048 404 2079 in
422 2048 462 2080 iis
479 2051 585 2085 tamen
609 2061 685 2092 quae
702 2051 812 2082 deinde
830 2051 996 2093 subiungit
1010 2062 1115 2094 reapse
1131 2052 1164 2083 in
1181 2055 1320 2084 nostram
1337 2055 1525 2086 sententiam
1541 2055 1630 2088 abiit.

164 2106 190 2145 3)
217 2105 314 2136 Recte
330 2104 454 2136 monuit
470 2114 510 2135 LE
528 2114 598 2137 BAS.
624 2105 733 2138 Pre'cis
753 2106 860 2139 cl'lzz'st.
877 2107 931 2138 des
948 2109 1044 2148 temps
1069 2106 1239 2138 modernes.
1264 2107 1354 2139 Paris
1379 2109 1475 2142 1842.
1500 2120 1530 2152 p.
1548 2111 1629 2142 462:

129 2158 289 2202 „l’apotre
321 2159 357 2191 de
388 2158 510 2192 Geneve
541 2161 730 2193 affirmissait
753 2172 786 2193 sa
815 2161 955 2193 doctrine
983 2164 1090 2193 contre
1126 2161 1155 2192 le
1183 2161 1324 2203 principe
1358 2162 1457 2195 meme
1485 2164 1527 2195 du
1549 2164 1631 2197 libre

130 2236 145 2252 „
156 2226 299 2255 examen,
329 2215 444 2257 auquel
476 2215 536 2248 elle
569 2216 675 2248 devait
704 2227 760 2248 son
789 2214 979 2248 existencc.”
1010 2217 1041 2247 et
1065 2224 1196 2246 SIRVEN.
1224 2215 1290 2247 o.1.
1327 2227 1356 2258 p.
1381 2217 1431 2248 25.
1471 2217 1632 2254 „Domine

129 2281 210 2313 „par
236 2282 297 2302 une
319 2271 465 2313 opinion,
490 2271 568 2313 qu'il
592 2272 672 2303 croit
693 2271 759 2303 6116
780 2271 811 2302 la
832 2270 932 2303 verite
962 2270 1104 2310 absolue,
1129 2269 1273 2302 evidente
1297 2269 1315 2301 ὲ
1338 2270 1383 2302 161
1407 2271 1513 2313 point,
1538 2273 1631 2315 qu'cn

131 2337 195 2364 „ne
223 2325 441 2358 l'embrassant
468 2338 540 2369 pas,
564 2338 604 2359 on
632 2337 671 2358 ne
702 2328 776 2368 peut
805 2325 869 2358 &tre
901 2325 1086 2368 qu'aveugle
1114 2336 1154 2357 ou
1177 2324 1344 2368 coupable‚
1376 2324 1401 2355 11
1429 2325 1534 2358 devait
1565 2328 1631 2361 6116

132 2380 416 2420 η1166655111161116111
440 2381 642 2414 intolerant.”
677 2382 758 2412 Vera
775 2381 849 2412 haee
870 2392 934 2412 6556
958 2381 1026 2423 ipsa
1043 2380 1166 2412 Calvini
1191 2380 1299 2420 verba,
1324 2391 1402 2422 quae
1426 2382 1631 2416 moribundus

130 2439 209 2469 teste
237 2437 318 2468 Beza
342 2437 483 2469 elocutus
511 2440 574 2476 est,
600 2437 681 2468 clare
705 2437 868 2469 affirmant.
916 2436 1101 2478 Suppeditat
1128 2447 1161 2467 ca
1184 2436 1275 2467 nobis
1297 2445 1353 2467 ΤΗ.
1378 2445 1412 2468 Η.
1436 2445 1542 2476 ΒΥΕΒ,
1570 2439 1632 2470 The

128 2492 187 2534 lffe
203 2491 243 2534 os
259 2493 343 2524 John
362 2494 489 2533 Calvin,
513 2493 642 2524 London
666 2493 761 2524 1850.
786 2503 815 2533 p.
842 2492 920 2524 5222
961 2492 1063 2528 „with
1086 2491 1196 2533 regard
1218 2494 1250 2523 1ο
1273 2491 1328 2523 1116
1351 2491 1511 2532 1106111116,
1531 2494 1634 2525 which

132 2558 222 2590 „you
249 2547 328 2579 have
354 2548 452 2580 heard
478 2549 558 2580 from
589 2558 654 2587 me,
688 2548 705 2578 I
733 2548 770 2579 do
794 2548 907 2586 affirm,
932 2547 1002 2579 that
1028 2548 1044 2579 1
1071 2548 1150 2580 have
1177 2548 1291 2589 taught
1321 2547 1375 2579 the
1394 2548 1481 2595 yvord
1508 2549 1542 2580 of
1566 2550 1633 2581 God

132 2626 146 2642 „
159 2603 271 2646 purely
295 2604 355 2635 and
383 2604 552 2646 sincerely,
581 2605 597 2636 Ι
627 2604 724 2636 doubt
752 2606 806 2636 not
829 2604 899 2636 that
926 2605 1019 2636 Satan
1043 2604 1110 2635 will
1140 2604 1199 2635 stir
1225 2615 1267 2646 up
1290 2603 1447 2637 witched.
1463 2629 1470 2636 .
1498 2614 1571 2635 men
1598 2606 1631 2636 to

135 2661 287 2700 „corrupt
314 2659 369 2690 the
393 2670 469 2701 pure
498 2660 655 2700 doctrine,
687 2659 790 2691 which
812 2670 873 2701 you
904 2659 982 2691 have
1010 2659 1106 2691 heard
1139 2660 1220 2691 from
1241 2658 1324 2692 me.’'
1372 2658 1421 2693 Cf.
1448 2659 1631 2699 commum,

131 2724 158 2746 o.
175 2713 197 2746 l.
225 2724 255 2755 p.
286 2713 337 2747 57.
368 2723 497 2747 GUIZOT.
522 2714 585 2747 0.1.
613 2726 643 2757 p.
673 2715 724 2747 98.
757 2723 938 2747 seflENKEL.
966 2715 1036 2747 ο.1.
1065 2714 1129 2747 ΙΙΙ.
1159 2715 1221 2746 386
1253 2715 1284 2745 et
1311 2722 1424 2754 Jusm,
1454 2713 1563 2747 Pre'cz's
1590 2714 1629 2746 de

130 2768 228 2801 Z'lzist.
253 2769 332 2802 mod.
356 2769 452 2802 Brux.
479 2769 573 2804 1847.
598 2771 642 2803 ΙΙ.
669 2770 743 2804 107.

169 2825 194 2865 4)
222 2824 279 2857 EM.
304 2834 441 2857 SAISSET.
465 2826 570 2858 Revue
593 2826 648 2858 des
671 2826 755 2858 deux
779 2825 914 2858 monde&
940 2825 1036 2857 1848.
1060 2835 1090 2866 p.
1117 2823 1190 2856 643.

170 2879 194 2920 ⁵)
223 2879 270 2911 Cf.
295 2888 326 2911 Ε.
351 2881 383 2911 61
406 2888 436 2911 E.
461 2888 572 2919 HAAG,
595 2880 643 2911 La
665 2881 785 2912 Franee
798 2880 934 2912 Protesi.
951 2878 1045 2910 Vseme
1060 2879 1179 2920 partie,
1198 2880 1257 2912 art.
1280 2879 1399 2914 Calvia,
1424 2878 1521 2912 Paris.
1536 2879 1631 2912 1856.

133 2936 226 2976 119³,
254 2934 335 2967 1321J
360 2938 391 2968 ct
414 2934 506 2969 140b.
531 2943 645 2967 HENRY
669 2935 696 2969 I.
721 2935 763 2967 42
786 2936 819 2966 et
842 2935 922 2975 402,
946 2943 1045 2966 DYER.
1071 2933 1134 2966 0.1.
1159 2944 1191 2976 p.
1216 2934 1275 2973 98,
1300 2934 1376 2970 347.
