1879 3239
850 115 901 153 17

127 251 193 290 illa
217 248 392 287 Ecclesia
423 254 534 301 aget,
564 247 731 299 amplius
760 246 825 285 hic
851 247 900 285 de
925 258 970 285 ea
1001 245 1197 284 disserere
1227 244 1551 296 supersedemus,
1581 243 1621 283 id

127 319 252 370 magis
281 318 431 357 referre
461 324 596 357 nostra
627 323 834 369 putantes,
864 323 931 359 ut,

181 399 209 425 c.
254 400 447 438 quaenam
477 388 583 425 inter
611 393 822 437 utramque
849 385 1071 424 intercedat
1101 384 1263 427 relatio,
1302 383 1479 434 paullum
1509 393 1619 420 accu-

75 487 77 489 .
128 457 253 496 ratius
291 456 528 507 inquiratur.
583 455 628 494 In
667 468 708 493 re
750 461 883 493 autem
922 462 1003 493 tam
1042 454 1184 497 dubia,
1223 459 1302 491 tam
1343 452 1542 504 implicata
1582 456 1622 489 ct

129 532 310 563 contorta
341 539 460 577 parva
489 526 711 577 requiritur
739 525 953 577 digressio,
984 537 1084 575 quae
1114 525 1217 562 viam
1247 522 1361 561 nobis
1389 521 1543 560 muniat
1573 518 1622 557 ad

129 593 278 632 Calvini
319 593 367 632 de
407 606 452 631 ea
491 605 533 631 re
573 593 799 644 opinionem
840 592 915 630 rite
958 592 1253 630 aestimandam.
1310 590 1354 628 In
1393 586 1623 639 Euangeliis

129 662 363 713 synopticis,
393 662 625 713 praesertim
650 662 691 699 in
717 660 851 713 Logiis
877 674 897 699 a
925 660 1144 705 Matthaeo,
1174 667 1219 699 ut
1248 660 1454 702 videntur,
1484 657 1622 696 collec-

130 732 200 775 tis,
233 731 274 770 id
303 733 471 769 maxime
501 730 632 770 Iesum
663 731 737 769 sibi
767 732 960 775 voluisse,
1000 731 1228 775 edocemur,
1268 737 1311 768 ut
1346 729 1447 767 bene
1479 725 1625 778 singuli

129 800 403 852 intelligerent
437 800 638 844 homines,
678 802 726 839 ad
765 801 861 852 quid
896 807 1029 839 essent
1069 814 1088 839 a
1130 799 1210 838 Deo
1252 798 1462 842 destinati,
1502 807 1624 848 quare

129 870 233 921 ipse,
264 871 595 921 perfectissimum
625 870 789 908 humani
820 871 978 922 generis
1017 870 1238 921 exemplar,
1277 869 1416 907 idealis
1454 864 1628 904 hominis

129 939 342 991 imaginem
369 940 599 991 aequalibus
624 940 845 991 proposuit,
876 947 916 977 et
942 939 1053 989 quasi
1078 939 1278 976 internam
1305 936 1424 975 animi
1451 936 1510 974 sui
1536 947 1627 973 con·

130 1010 335 1047 scientiam
367 1017 484 1060 atque
515 1009 785 1047 conditionem
815 1008 996 1058 depinxit
1026 1007 1134 1050 aliis,
1174 1013 1292 1058 atque
1324 1005 1526 1056 explicuit.
1583 1002 1627 1041 In

130 1090 177 1115 eo
209 1085 340 1116 autem
372 1077 611 1128 Euangelio,
642 1077 748 1127 quod
779 1084 839 1114 est
870 1076 1007 1114 ordine
1039 1082 1202 1127 quarto,
1240 1074 1423 1113 homines
1463 1074 1511 1112 ad
1542 1085 1628 1124 per-

132 1146 379 1184 seetitudinis
417 1153 564 1183 metam
604 1145 732 1183 evecti
772 1157 852 1183 non
878 1152 958 1183 tam
990 1145 1136 1196 singuli
1174 1144 1338 1182 seorsim
1379 1143 1630 1194 cogitantur,

129 1227 246 1264 quain
275 1214 314 1252 et
346 1226 482 1252 omnes
510 1215 642 1265 potius
682 1214 787 1252 inter
823 1227 884 1258 se,
924 1215 964 1252 et
1004 1227 1092 1252 cum
1133 1213 1288 1252 Christo
1329 1212 1439 1264 quasi
1469 1211 1630 1250 vinculo

129 1277 327 1321 communi
358 1284 578 1321 arctissime
609 1284 822 1322 coniuncti.
871 1282 981 1322 Idem
1011 1296 1169 1335 quoque
1201 1282 1346 1321 Paulus
1375 1282 1522 1325 voluit,
1552 1280 1629 1319 nisi

71 1385 74 1387 .
129 1348 585 1402 quod‘eoniunctionem
616 1353 724 1391 illam
755 1365 834 1391 non
865 1359 946 1390 tam
976 1353 1017 1390 in
1049 1352 1203 1404 origine
1234 1364 1304 1390 sua
1334 1357 1374 1389 et
1404 1351 1529 1389 veluti
1563 1362 1630 1388 na-

126 1428 322 1466 scentem,
365 1435 481 1473 quam
520 1423 737 1474 perfectam
777 1422 909 1473 potius
950 1429 990 1460 et
1029 1421 1250 1460 absolutam
1292 1426 1470 1472 spectare
1517 1419 1629 1457 solet.

128 1493 172 1532 In
212 1493 252 1530 4⁰
283 1492 493 1543 euangelio
534 1492 679 1543 singuli
719 1491 864 1530 Christi
905 1491 1043 1530 fideles
1082 1491 1124 1529 in
1163 1503 1288 1529 unum
1327 1502 1469 1541 corpus
1505 1489 1630 1527 coale-

127 1569 261 1606 scunt;
295 1561 397 1613 apud
430 1561 594 1599 Paulum
625 1562 703 1599 iam
735 1562 969 1599 coaluerunt
1000 1562 1039 1599 in
1072 1573 1216 1604 unum,
1256 1566 1296 1598 et
1335 1560 1462 1611 ipsum
1499 1558 1631 1610 potius

127 1643 289 1683 corpus,
329 1642 446 1681 quam
487 1630 642 1681 singula
674 1631 760 1668 cius
788 1631 988 1674 membra,
1028 1630 1076 1668 ab
1112 1630 1246 1668 oculos
1275 1636 1467 1668 versatur.
1525 1626 1630 1665 Bene

131 1701 254 1752 igitur
285 1706 376 1737 ante
408 1700 538 1737 omnia
565 1700 785 1738 tenendum
811 1706 870 1738 est
901 1699 944 1738 N.
963 1699 1003 1738 Τ.
1034 1700 1227 1738 librorum
1254 1705 1436 1737 auctores
1460 1696 1630 1748 ubique,

129 1769 373 1822 paucissimis
412 1769 542 1807 forsan
583 1769 679 1807 locis
709 1770 905 1820 exceptis,
945 1770 993 1808 ad
1033 1769 1180 1808 Christi
1215 1769 1342 1807 instar
1370 1767 1540 1806 idealem
1570 1778 1629 1804 re-

128 1851 215 1876 rum
255 1838 524 1876 conditionem
564 1838 603 1875 et
643 1839 748 1889 ipsos
779 1839 947 1877 volvisse
987 1839 1139 1883 animo,
1178 1839 1218 1877 et
1257 1830 1507 1876 incitamenti
1543 1836 1629 1874 loeo

127 1907 376 1959 proposuisse
408 1907 505 1944 aliis.
565 1905 712 1951 Quodsi
743 1906 807 1945 hic
838 1907 918 1945 illic
945 1908 1139 1958 quaedam
1165 1907 1269 1959 apud
1295 1906 1482 1950 Paulum,
1512 1905 1628 1949 alios,

127 1983 363 2021 occurrunt,
401 1976 450 2014 de
488 1975 632 2027 quibus
663 1975 774 2015 dubii
804 1975 1037 2021 haeremus,
1072 1977 1202 2015 sintne
1243 1989 1287 2015 ea
1319 1977 1367 2015 ad
1408 1975 1628 2028 perfeetum

128 2043 326 2082 Ecclesiae
353 2044 576 2095 exemplar,
606 2056 655 2082 an
681 2056 775 2083 vero
802 2044 849 2082 ad
876 2045 1147 2084 conditionem
1175 2045 1382 2096 temporis,
1413 2057 1491 2096 quo
1520 2043 1627 2083 vive-

129 2113 246 2158 bant,
285 2113 517 2157 reserenda,
557 2113 718 2152 obvium
749 2120 809 2152 est
839 2114 1132 2153 dubitationem
1161 2115 1267 2153 illam
1298 2113 1513 2152 cohaerere
1538 2125 1628 2152 cum

129 2195 264 2221 eorum
307 2183 422 2234 regni
465 2183 643 2221 messiaci
687 2184 864 2234 proxime
904 2184 1090 2223 instantis
1133 2185 1442 2236 exspectatione.
1514 2182 1628 2228 Quod

127 2252 395 2303 apostolorum
433 2259 604 2290 aetatem
648 2254 803 2304 excepit
833 2255 1033 2292 saeculum
1064 2254 1204 2292 ubiubi
1230 2254 1337 2292 nasei
1367 2253 1468 2292 vidit
1493 2251 1625 2290 Eccle-

130 2322 266 2366 siolas,
292 2322 332 2360 in
349 2321 433 2359 dies
449 2334 615 2360 numero
632 2330 766 2360 auctas
788 2329 827 2360 et
848 2322 1011 2367 robore,
1028 2323 1102 2361 sibi
1123 2323 1292 2361 invicem
1308 2324 1626 2366 ἀνυπευθύνους,

130 2391 354 2441 plenissima
390 2391 610 2443 gaudentes
641 2392 890 2435 autonomia,
930 2393 1129 2431 communi
1158 2405 1253 2432 vero
1293 2393 1524 2431 coniunctas
1554 2390 1629 2429 ori-

131 2459 245 2510 gine,
288 2460 448 2505 eodcm,
495 2473 572 2512 quo
612 2461 854 2506 tendebant,
898 2460 998 2506 fine,
1036 2462 1162 2513 magis
1192 2462 1312 2500 etiam
1343 2461 1459 2500 simili
1490 2466 1628 2498 eontra

131 2540 376 2567 communem
413 2530 567 2569 hostem
615 2531 812 2569 indefesso
851 2532 1078 2569 certamine.
1150 2530 1238 2570 Mox
1282 2533 1322 2570 in
1361 2530 1502 2569 iisdem
1551 2528 1629 2566 illis

132 2597 358 2637 Ecclesiolis
396 2598 532 2637 furtim
567 2599 759 2651 primum,
798 2612 889 2638 mox
933 2601 1037 2638 laete
1081 2601 1450 2652 propulullaverunt
1493 2597 1626 2637 catho-

130 2667 228 2705 licae
260 2665 456 2705 Ecclesiae
487 2668 656 2713 semina,
693 2681 793 2719 quae
824 2668 1011 2720 Cypriani
1051 2669 1210 2707 demum
1245 2676 1424 2720 tempore
1469 2668 1626 2707 eodem-

131 2748 207 2787 que
245 2736 400 2774 fautore
438 2738 606 2776 maxime
637 2751 680 2776 ae
711 2746 876 2789 patrono
907 2739 956 2777 ad
985 2739 1257 2777 maturitatem
1287 2738 1481 2790 pervenit.
1526 2736 1626 2782 Qua-

77 2802 104 2837 s
129 2805 178 2843 lis
218 2812 351 2843 autem
380 2805 572 2844 catholica
602 2807 674 2845 ista
705 2806 904 2845 Ecclesia?
962 2806 1188 2859 Splendidis
1219 2807 1409 2846 adornata
1441 2806 1629 2859 epithetis

132 2874 317 2918 unitatis,
371 2875 612 2919 sanctitatis,
657 2876 955 2928 apostolicitatis
999 2875 1173 2915 Ecclesia
1218 2876 1411 2915 catholica
1455 2876 1628 2929 bumana

132 2942 371 2982 sallibilitate
411 2951 615 2996 expertem
651 2956 691 2983 se
731 2946 855 2985 solam
894 2945 936 2984 in
971 2952 1218 2998 peccatorem
1248 2947 1417 2985 salutem
1447 2944 1630 2984 conferre

1482 3014 1497 3036 2
