1849 3239
863 87 939 127 185

151 233 236 260 esse
267 219 514 271 opinabatur.
572 217 733 258 Etenim
763 219 909 258 claram
940 225 1060 271 atque
1085 221 1354 272 perspicuam,
1384 223 1556 275 denique
1587 224 1651 264 ab·

150 290 318 328 solutam
345 300 502 340 quoque
528 287 746 326 voluntatis
770 300 864 326 suae
890 289 1176 327 revelationem
1202 289 1243 327 in
1268 302 1294 327 s.
1321 290 1517 342 scriptura
1548 292 1651 332 Deus

148 357 392 401 recondidit,
432 357 537 395 unde
569 356 750 406 sequitur
794 357 1024 395 »neminem
1055 358 1117 396 vel
1147 357 1351 396 minimam
1383 366 1537 410 guttam
1569 374 1649 400 rec-

148 432 240 465 »tae
280 438 478 477 sanaeque
522 425 726 464 doetrinae
772 425 975 477 percipere
1019 438 1154 478 posse,
1198 426 1274 465 nisi
1319 428 1385 478 qui
1430 429 1649 480 scripturae

147 495 299 534 »fuerit
329 496 545 547 discipulus
573 494 639 547 ¹).”
696 493 796 539 Quia
828 501 961 533 tamen
992 495 1032 533 in
1063 496 1282 548 scripturae
1314 497 1648 549 interpretatione

145 565 195 603 de
225 566 401 616 genuino
432 564 551 604 Verbi
583 564 652 603 Dei
683 577 801 603 sensu
833 565 1046 617 disceptari
1077 573 1230 617 posset,
1260 567 1422 618 spiritus
1447 567 1508 604 sui
1540 568 1648 606 testi-

143 634 277 672 monio
317 633 419 672 Deus
459 633 646 672 cordibus
682 635 830 672 nostris
870 635 1116 673 voluntatem
1160 648 1268 674 suam
1310 635 1504 688 obsignat.
1564 636 1647 675 Tali

144 710 277 741 autem
307 703 599 741 illuminatione
645 703 778 741 »solos
803 703 994 755 dignatur
1019 704 1187 748 eleetos,
1218 704 1362 755 quibus
1389 705 1477 743 talis
1502 704 1647 744 dehine

143 788 159 830 >3
174 773 301 811 oritur
330 772 554 824 persuasio,
585 784 684 823 quae
715 772 891 810 rationes
922 784 1001 810 non
1032 773 1220 823 requirit,
1262 774 1351 811 talis
1381 774 1544 817 notitia,
1582 775 1646 812 eui

142 859 158 876 1>
173 843 319 894 optima
346 842 447 880 ratio
473 848 629 880 constet
646 872 654 880 .
671 871 696 885 .‚
724 842 814 880 talis
839 842 1012 894 denique
1033 854 1189 886 sensus,
1216 843 1282 893 qui
1309 843 1383 880 nisi
1410 855 1458 880 ex
1483 843 1645 881 coelesti

141 912 414 950 »revelatione
445 911 553 949 nasci
583 918 754 962 nequeat
769 911 806 955 ,⁹³
839 911 938 950 adeo
971 918 1013 949 ut
1059 911 1421 962 »ineoepuqnabilem
1454 911 1646 950 veritatem

140 993 208 1018 »se
246 985 370 1018 tenere
403 980 520 1031 probe
558 979 631 1018 sibi
665 979 805 1018 conscii
843 980 919 1019 sint
944 980 1008 1033 ²).”
1064 979 1181 1018 Nulla
1211 981 1336 1032 igitur
1365 993 1479 1019 eausa
1511 982 1644 1025 adest,

138 1062 209 1088 eur
248 1050 288 1088 in
328 1050 473 1089 divinis
510 1050 616 1088 inter
659 1062 798 1100 pravas
842 1048 1128 1088 fluctuaremus
1171 1049 1477 1094 haesitationes,
1521 1063 1644 1101 quum

136 1119 219 1171 ipse
258 1118 362 1158 Deus
403 1120 566 1171 spiritus
605 1118 665 1156 sui
696 1119 846 1156 virtute
886 1119 1217 1169 qualemcumque
1257 1119 1306 1157 de
1337 1119 1543 1157 voluntate
1575 1132 1644 1158 sua

135 1188 427 1227 dubitationem
471 1187 585 1226 nobis
629 1186 805 1224 eximere
850 1186 987 1224 voluit.
1045 1185 1120 1224 Ubi
1165 1192 1321 1230 autem,
1365 1186 1461 1237 quid
1504 1200 1642 1226 verum

135 1257 206 1301 sit,
246 1257 286 1296 in
317 1256 481 1294 dubium
514 1255 691 1294 revocari
722 1267 885 1307 prorsus
915 1255 1076 1306 nequit,
1107 1255 1224 1294 electi
1255 1255 1360 1293 omni
1392 1268 1411 1292 a
1443 1268 1484 1294 se
1515 1256 1555 1294 in
1586 1257 1642 1295 di-

134 1326 236 1364 vinis
262 1325 509 1364 dissensione
537 1324 697 1363 veritati
723 1325 795 1376 ipsi
823 1325 1100 1376 gravissimum
1127 1324 1316 1362 damnum
1338 1324 1499 1369 inferri,
1526 1326 1641 1364 adeo-

134 1408 210 1446 que
255 1394 431 1433 divinam
470 1395 720 1432 maiestatem
758 1394 936 1445 graviter
965 1394 1091 1437 laedi,
1122 1394 1348 1445 opinentur.
1367 1406 1529 1432 necesse
1560 1402 1640 1440 est,

133 1477 250 1515 quam
277 1464 402 1516 igitur
427 1464 573 1502 aeriter
605 1463 711 1501 omni
741 1463 778 1501 vi
806 1470 926 1515 atque
944 1463 1095 1514 impetu
1112 1463 1347 1514 impugnare
1365 1470 1405 1501 et
1421 1465 1641 1516 exstirpare

130 1532 314 1572 funditus
349 1533 524 1577 malunt,
564 1545 701 1584 quam,
732 1540 776 1571 ut
802 1533 1107 1585 reprobatorum
1132 1533 1317 1571 miseram
1345 1533 1491 1584 alioqui
1518 1534 1641 1573 vitam

130 1594 201 1640 Dei
231 1601 374 1640 honori
405 1607 717 1652 anteponerent,
748 1608 788 1639 et
814 1601 1047 1653 pestiferum
1075 1614 1272 1640 venenum
1299 1602 1418 1640 latius
1443 1604 1640 1654 serpendo

130 1671 217 1709 aliis
257 1683 415 1722 quoque
451 1670 718 1722 perniciosum
758 1670 846 1709 fieri
886 1671 1077 1709 sinerent.
1135 1670 1236 1709 Hine
1266 1671 1530 1723 intelligitur,
1569 1686 1639 1711 cur

129 1746 209 1778 tam
239 1740 412 1791 maligne
444 1739 546 1777 solet
576 1738 761 1777 Calvinus
792 1739 1110 1778 adversariorum
1139 1751 1180 1778 os
1206 1740 1416 1778 obstruere
1442 1746 1483 1778 et
1508 1740 1636 1779 iratis-

128 1809 250 1846 simus
296 1807 577 1851 efferveseere,
623 1807 863 1858 simulatque
908 1808 1114 1846 doctrinae
1155 1821 1248 1847 suae
1284 1795 1635 1861 inexpugnabilem

128 1878 338 1916 veritatem
369 1877 559 1915 audacter
588 1876 831 1928 redarguere
859 1877 919 1915 vel
952 1877 1071 1915 etiam
1102 1877 1245 1915 leviter
1270 1877 1527 1923 labefactare,
1557 1879 1634 1918 dis-

126 1947 346 1985 sentientes
376 1946 559 1985 doctores
589 1946 848 1985 conabantur.
905 1945 1023 1985 Nullo
1062 1947 1181 1985 modo
1219 1947 1323 1987 ferre
1359 1954 1515 1999 poterat
1545 1961 1633 1993 eos,

125 2027 256 2067 neque
296 2016 337 2054 in
376 2015 576 2054 Ecclesiae
613 2016 724 2060 sinu,
763 2028 893 2067 neque
925 2024 1036 2055 extra
1069 2029 1177 2060 eam,
1213 2024 1253 2055 et
1284 2017 1471 2068 quoniam
1502 2017 1632 2057 Eccle-

124 2084 204 2123 siae
235 2092 412 2136 potestas
441 2085 535 2136 ipsis
565 2084 762 2124 Ecclesiae
792 2085 939 2123 finibus
969 2086 1191 2124 necessarie
1226 2085 1386 2130 finitur,
1425 2087 1630 2138 magistra·

125 2159 210 2192 tum
242 2154 479 2196 obstrinxit,
515 2160 560 2192 ut
590 2154 712 2206 gladii
742 2153 817 2192 sibi
847 2155 1042 2193 commissi
1074 2155 1159 2194 iure
1189 2155 1429 2206 exstirparet
1457 2154 1629 2195 haereti-

123 2235 198 2262 cos.
258 2222 405 2274 Sponte
446 2223 486 2261 in
528 2224 661 2262 oeulos
700 2224 892 2268 incurrit,
931 2230 1124 2275 quantum
1156 2225 1195 2262 in
1227 2237 1271 2263 ea
1302 2237 1344 2263 re
1374 2225 1395 2262 a
1425 2223 1548 2263 Laseo
1579 2225 1627 2265 ab

122 2305 169 2331 eo
199 2293 429 2336 dissentiat,
460 2293 526 2343 qui
556 2293 717 2344 penitus
747 2305 840 2331 suae
869 2293 943 2331 sibi
974 2293 1259 2332 imbecillitatis
1286 2295 1487 2339 conscius,
1517 2295 1625 2347 inge-

120 2373 198 2399 nue
230 2362 336 2399 ultro
366 2360 651 2404 confitebatur,
683 2361 842 2399 errandi
868 2361 1047 2413 periculo
1072 2374 1112 2400 se
1135 2374 1220 2400 esse
1247 2361 1483 2407 obnoxium,
1509 2364 1623 2403 adeo-

119 2442 196 2481 que
227 2444 247 2468 a
278 2443 319 2469 se
350 2431 635 2469 dissentientes
665 2431 850 2469 doctores
879 2431 928 2469 ad
955 2430 1078 2469 amica
1118 2430 1269 2469 solebat
1305 2431 1474 2471 invitare
1505 2434 1622 2472 eollo-

118 2500 230 2551 quia.
269 2507 314 2538 ut
353 2507 421 2538 aut
460 2500 507 2538 iis
546 2500 828 2552 persuaderet,
868 2506 937 2538 aut
966 2511 1062 2538 vero
1102 2499 1176 2538 sibi
1205 2499 1254 2538 ab
1283 2500 1361 2538 illis
1390 2501 1621 2552 persuaderi

116 2574 323 2620 pateretur
348 2569 387 2622 ³).
450 2568 564 2614 Quod
595 2569 768 2620 denique
795 2569 844 2608 ad
869 2569 1079 2621 utriusque
1110 2569 1158 2607 ad
1184 2570 1463 2621 magistratum
1488 2569 1620 2609 Eccle-

153 2710 177 2751 ¹)
203 2713 282 2743 Inst.
308 2711 334 2743 I.
360 2712 390 2742 6.
415 2711 444 2742 2.
580 2712 605 2752 2)
631 2714 711 2744 [nst.
736 2712 762 2745 I.
788 2713 817 2744 6.
843 2713 873 2743 5.

150 2767 176 2806 ³)
201 2767 332 2798 Etenim
355 2766 490 2805 rumori,
516 2777 609 2809 quem
633 2767 816 2808 divulgavit
838 2767 957 2798 Menno
984 2766 1136 2806 Simonis,
1162 2767 1250 2810 quasi
1269 2766 1374 2808 gladio
1394 2766 1428 2797 in
1443 2765 1616 2798 haereticos

110 2820 420 2853 animadvertendum
451 2832 516 2852 esse
539 2822 714 2854 censuisset
736 2820 754 2852 Ξ).
778 2823 890 2860 Lasco,
921 2821 1035 2864 quippe
1057 2821 1095 2853 ab
1120 2821 1250 2852 inimico
1275 2831 1398 2864 sparso,
1429 2831 1527 2862 neque
1551 2832 1616 2852 um-

109 2887 202 2917 quam
235 2876 361 2908 aliunde
392 2876 553 2914 stabilito,
582 2877 675 2908 fidem
705 2877 816 2908 habere
847 2877 932 2908 nesas
962 2879 1050 2909 esset.
1098 2877 1146 2908 Cs.
1172 2885 1291 2908 MENNO
1317 2886 1401 2917 S1M.‚
1434 2876 1622 2920 Sendtbrz'ef

108 2941 169 2962 aen
191 2932 237 2963 M.
262 2931 413 2963 Mic-foen.
439 2929 597 2962 Alkmaar.
623 2931 718 2963 1600.
743 2931 764 2965 f,
790 2932 885 2969 112³,
912 2930 1007 2969 137³,
1033 2932 1123 2964 1402.
