1879 3239
861 96 907 133 21

145 234 256 274 Valet
285 233 360 272 hoc
391 245 546 285 quoque
578 231 681 284 apud
711 231 882 269 infantes
911 241 1049 268 recens
1078 234 1212 272 natos,
1252 230 1318 280 qui
1349 230 1454 267 vitae
1484 229 1550 267 vix
1580 230 1636 267 in-

144 303 307 343 choatae
347 302 466 340 finem
506 314 596 340 mox
636 301 861 351 imponunt,
908 312 985 337 »cx
1024 311 1100 349 qua
1140 305 1271 336 tamen
1312 305 1442 336 aetate
1478 297 1638 336 omnino

144 372 294 422 »aliqui
333 378 544 410 servantur
569 370 636 422 2⁷),
675 381 772 420 quos
807 369 906 407 adeo
942 374 1033 406 ante
1065 380 1085 405 a
1116 365 1282 404 Domino
1312 367 1639 418 regenerari-nc-

143 453 282 479 »cesse
312 446 372 478 est
397 440 491 492 28),”
523 451 665 490 quum,
710 444 951 488 »antequam
982 442 1258 480 nascerentur,
1288 447 1329 474 se
1356 436 1544 486 adoptare
1575 447 1641 474 cos

146 511 215 548 »in
245 522 337 548 suos
367 508 599 561 pronuntiat
629 507 732 546 Deus
763 506 845 559 29).”

197 578 371 631 Duplicis
415 580 479 617 illa
517 578 715 616 Ecclesiae
756 576 956 619 doctrina,
996 576 1152 627 qualem
1184 575 1367 627 exposuit
1398 587 1483 613 eam
1516 572 1640 612 Calvi-

143 660 217 687 nus
235 678 244 692 ,
283 649 407 686 valuit
441 648 578 700 procul
609 645 731 684 dubio
760 645 809 684 ad
838 645 1085 683 materialem
1117 643 1314 682 Ecclesiae
1343 644 1549 682 notionem
1579 643 1641 680 cui

142 717 495 770 patrocinabantur
533 715 821 758 Romanenses,
860 713 1040 752 funditus
1079 713 1358 757 evertendam,
1397 713 1469 764 ipsi
1510 718 1643 750 autem

142 787 183 826 in
223 787 456 839 dogmaticis
495 786 543 824 de
584 785 755 823 Ecclesia
795 785 880 822 loco
919 783 1019 821 nihil
1055 783 1137 821 scre
1172 783 1272 820 lucis
1302 782 1448 820 attulit.
1506 781 1645 819 Invisi-

142 855 233 895 bilis
272 858 377 895 enim
421 862 461 894 et
501 854 666 894 visibilis
705 854 769 891 illa
808 852 983 891 Ecclesia
1023 858 1103 890 tam
1137 852 1280 890 misere
1312 851 1360 889 ab
1390 863 1437 889 co
1467 851 1574 889 inter
1603 862 1644 888 se

144 925 330 964 confusae
370 932 463 964 sunt
501 932 620 976 atque
659 924 899 976 permixtae,
937 928 982 960 ut
1021 922 1177 972 saepius
1221 920 1380 958 sibimet
1424 922 1507 972 ipsc
1539 919 1644 957 oblo-

144 1001 258 1033 cutus
297 999 368 1039 sit,
407 994 624 1033 irretivcrit
663 1004 770 1035 sese,
811 1003 966 1028 omnem
1003 990 1176 1040 denique
1207 988 1407 1027 Ecclesiae
1437 989 1642 1027 notionem

144 1064 242 1103 adeo
281 1063 520 1115 implicuerit
550 1068 590 1100 et
621 1059 941 1103 conturbaverit,
972 1065 1016 1097 ut
1046 1058 1253 1110 perspicua
1283 1064 1323 1096 et
1353 1058 1528 1096 dilucida
1559 1058 1643 1096 eius

143 1134 192 1172 de
232 1132 404 1171 Ecclesia
439 1131 660 1169 sententiae
691 1129 885 1180 expositio
914 1128 1061 1166 frustra
1092 1141 1111 1166 e
1143 1128 1298 1180 scriptis
1329 1128 1451 1178 ipsius
1482 1139 1644 1178 quaera-

144 1209 219 1240 tur.
276 1201 393 1239 Certo
437 1200 502 1238 illa
542 1199 752 1250 utriusque
793 1197 990 1236 Ecclesiae
1030 1197 1210 1236 confusio
1248 1195 1565 1248 deprehenditur
1603 1197 1643 1233 in

142 1269 496 1321 interpretatione,
526 1280 643 1319 quam
673 1268 722 1306 de
753 1279 800 1305 co
831 1267 1046 1319 Apostolici
1072 1265 1251 1318 Symboli
1278 1267 1462 1310 articulo,
1493 1266 1559 1317 qui
1586 1271 1646 1304 est

141 1339 190 1378 de
230 1337 424 1382 Ecclesia,
463 1338 595 1375 statim
631 1338 671 1375 in
700 1337 815 1376 initio
845 1336 909 1375 IVi
937 1336 1028 1375 Just.
1060 1335 1137 1374 Rel.
1172 1335 1308 1374 Christ.
1348 1335 1439 1374 libri
1469 1334 1644 1373 exhibet.

142 1408 244 1446 Dicit
282 1408 323 1445 in
358 1407 383 1459 ς)
423 1409 458 1445 ⁶2.
498 1407 708 1445 articulum
747 1407 859 1444 illum
900 1418 979 1444 non
1018 1405 1232 1457 legendum
1273 1417 1378 1444 esse:
1419 1405 1567 1443 »credo
1604 1404 1645 1442 iu

143 1477 412 1516 »Ecclesiam''
450 1490 550 1529 sqq„
590 1477 659 1516 sed
695 1477 834 1515 omissa
876 1475 1186 1528 praepositione:
1228 1491 1242 1508 »
1257 1475 1376 1513 credo
1407 1474 1644 1517 Ecclesiam,

143 1565 158 1581 n
173 1561 308 1592 unam,
352 1554 545 1591 sanctam,
588 1545 861 1585 catholicam.'’
928 1544 1050 1583 »Ideo
1090 1545 1196 1582 enim
1236 1544 1400 1582 credere
1439 1543 1481 1581 in
1521 1542 1645 1581 Deum

144 1629 241 1655 »nos
282 1623 495 1659 testamur,
539 1616 644 1666 quod
688 1616 728 1653 in
772 1616 900 1666 ipsum
929 1621 973 1652 ut
1013 1626 1193 1652 veracem
1233 1613 1388 1652 animus
1427 1618 1565 1651 noster
1604 1625 1644 1650 se

143 1686 359 1729 »reclinat‚
398 1692 437 1724 ct
477 1685 620 1723 fiducia
659 1691 794 1723 nostra
833 1685 872 1722 in
912 1684 996 1735 ipso
1033 1683 1268 1734 acquiescit:
1304 1682 1411 1734 quod
1441 1683 1480 1720 in
1512 1681 1643 1720 Eccle-

139 1771 154 1786 n
169 1754 265 1791 siam
295 1765 373 1791 non
404 1753 456 1790 ita
487 1751 817 1804 conveniret30).''
876 1751 1091 1790 Ecclesiam
1121 1751 1327 1795 credamus,
1358 1751 1381 1789 i.
1408 1763 1440 1789 e.
1472 1750 1642 1789 firmiter

137 1822 252 1861 nobis
281 1834 511 1873 persuasum
552 1827 629 1865 est,
675 1821 882 1872 »quamvis
922 1821 969 1859 ad
1010 1820 1246 1859 diruendam
1286 1819 1432 1858 Christi
1472 1822 1640 1873 gratiam

139 1903 306 1929 »omnes
340 1890 490 1942 lapides
519 1897 679 1929 moveat
709 1890 987 1934 diabolus...,
1017 1903 1098 1929 non
1129 1903 1242 1942 posse
1273 1896 1407 1929 tamen
1437 1891 1640 1942 extingui,

137 1973 240 1999 »nec
279 1960 456 1998 sterilem
495 1960 610 1998 reddi
651 1959 796 1998 Christi
837 1960 1092 2011 sanguinem,
1132 1960 1228 2010 quin
1263 1959 1437 1997 fructum
1469 1960 1641 2010 aliquem

138 2030 357 2082 »producat
362 2060 495 2067 ......
555 2028 740 2074 Quamvis
772 2041 867 2080 crgo
898 2029 1024 2066 tristis
1049 2029 1229 2073 vastitas,
1261 2041 1361 2079 quac
1386 2028 1500 2067 nobis
1526 2028 1640 2067 undi-

138 2112 243 2151 »que
275 2100 465 2143 occurrit,
496 2098 595 2136 nihil
627 2098 825 2136 Ecclesiae
857 2098 1060 2136 residuum
1091 2111 1176 2136 esse
1206 2099 1420 2142 clamet.,.
1451 2099 1639 2142 sciamus,

137 2167 291 2207 »Deum
322 2168 558 2206 mirabiliter
587 2167 802 2206 Ecclesiam
827 2180 957 2211 suam,
989 2168 1098 2218 quasi
1125 2168 1165 2205 in
1190 2167 1355 2205 latebris
1382 2180 1540 2206 servare
1558 2167 1603 2218 31)

136 2236 311 2289 Intelligi
341 2237 438 2276 hacc
469 2244 633 2289 possunt
663 2244 703 2275 et
733 2237 833 2276 benc
861 2238 966 2275 inter
991 2250 1031 2275 se
1058 2237 1289 2276 cohaerent:
1320 2236 1510 2281 Ecclesia,
1537 2251 1638 2288 quac

138 2314 197 2345 cst
235 2306 464 2350 invisibilis,
503 2320 619 2358 quam
660 2308 886 2359 conspicere
926 2319 1006 2345 non
1046 2314 1179 2358 potes,
1218 2308 1303 2345 iure
1343 2320 1413 2345 suo
1449 2307 1639 2345 credendi

1619 2167 1639 2180 29

1608 2198 1613 2205 ι

139 2375 338 2413 obiectum
377 2388 462 2414 esse
502 2376 624 2428 ponit.
682 2375 771 2414 Mox
811 2382 943 2414 autem
980 2377 1123 2414 misere
1162 2376 1211 2414 de
1241 2382 1352 2414 recto
1383 2376 1542 2414 tramite
1572 2376 1637 2414 de-

139 2445 281 2488 viavit,
316 2445 355 2483 in
393 2445 420 2498 53*
455 2445 477 2483 3
517 2447 572 2484 ita
611 2458 799 2497 pergens:
845 2445 1119 2497 »Quamquam
1160 2446 1350 2484 articulus
1390 2445 1557 2496 symboli
1589 2446 1638 2484 ad

142 2520 375 2552 »externam
414 2527 570 2566 quoquc
610 2514 825 2553 Ecclesiam
866 2515 1116 2566 aliquatenus
1152 2515 1327 2566 pertinet
1344 2513 1432 2562 ³²).’'
1461 2537 1515 2542 -——
1545 2513 1636 2559 Qui-

139 2595 229 2621 nam
269 2583 374 2621 inter
412 2583 610 2623 Ecclesiae
651 2585 776 2623 socios
817 2597 836 2622 a
877 2583 958 2622 Deo
998 2584 1076 2622 sint
1105 2583 1145 2622 in
1176 2583 1395 2622 electorum
1425 2596 1636 2622 numerum

138 2652 274 2695 relati,
319 2665 504 2690 arcanum
542 2652 612 2691 Dei
652 2659 712 2692 est
751 2653 1011 2704 mysterium,
1053 2653 1143 2703 quia
1186 2659 1316 2691 tamen
1357 2653 1638 2704 »aliquatenus

175 2827 215 2867 27)
241 2829 320 2858 Just.
345 2827 399 2858 IV.
426 2828 477 2859 16.
503 2827 554 2860 17.
688 2826 728 2867 ²⁴⁶³)
753 2827 798 2858 ΙΙ).

175 2884 215 2924 29)
242 2881 322 2914 Insl.
347 2883 402 2916 IV.
428 2882 479 2915 15.
506 2882 561 2921 20,
586 2882 623 2915 cf.
649 2882 691 2915 ib.
716 2883 772 2915 IV.
800 2883 848 2915 16.
875 2883 903 2917 7.

175 2938 216 2978 30)
241 2940 321 2970 Insl.
346 2937 401 2970 IV.
427 2939 456 2969 1.
483 2938 511 2969 2.
646 2937 688 2977 ³¹)
712 2937 759 2969 Ib.
895 2937 936 2977 ³²)
961 2938 1040 2970 Just.
1065 2935 1120 2969 IV.
1147 2936 1175 2968 l.
1201 2937 1231 2968 3.
