1849 3239
925 81 1002 119 160

211 211 449 249 sententiam
488 212 635 263 scripto
673 212 896 256 mandavit,
936 212 1006 251 sed
1044 213 1085 251 in
1113 213 1309 265 liturgicis
1338 214 1492 265 scriptis
1524 215 1565 253 in
1594 228 1709 254 usum

209 277 493 323 Ecclesiarum,
537 279 680 330 quibus
723 279 915 330 praefuit,
954 281 1180 332 compositis
1223 294 1293 332 pro
1337 295 1380 320 re
1412 290 1502 321 nata
1532 290 1707 323 mentem

210 361 320 386 suam
345 348 544 400 explicuit.
590 347 766 385 Praesuit
795 355 926 386 autem
958 349 1181 388 istiusmodi
1212 348 1413 396 EcclesiiS‚
1444 365 1562 402 quae,
1588 366 1707 392 unam

209 425 365 457 tantum
395 417 533 455 urbem
566 416 626 454 vel
657 417 898 467 provinciam
930 418 1227 470 amplectentes,
1257 432 1328 471 pro
1358 421 1596 460 conditionis
1612 412 1733 461 suae'

208 495 350 526 natura
390 486 438 524 ad
480 484 689 536 Synodalis
720 485 983 525 Ecclesiastici
1014 489 1218 539 regiminis
1248 489 1435 534 sormam,
1465 492 1704 530 articulatim

206 556 394 594 membris
432 557 688 600 instructam,
729 557 905 595 ordinari
944 570 1023 595 non
1055 565 1250 609 poterant.
1307 558 1375 597 Vel
1407 560 1463 598 sie
1493 567 1622 598 tamen
1655 561 1704 599 ad

206 637 330 663 unum
370 624 499 662 omnia
539 625 757 669 elementa,
797 638 897 676 quae
932 626 972 663 in
1002 626 1075 664 hae
1106 628 1310 678 regiminis
1340 628 1465 666 forma
1495 630 1703 680 requirun-

206 700 293 738 tur,
322 694 425 745 apud
456 701 636 733 nostrum
667 694 913 746 deprehendi
943 707 1078 746 posse,
1108 697 1242 734 statim
1273 697 1313 734 in
1344 697 1476 735 oeulos
1505 698 1702 742 incurret,

205 764 236 801 si
275 764 417 814 raptim
457 764 679 815 expositum
718 764 810 807 erit,
846 776 1036 814 quosnam
1067 765 1106 803 in
1138 764 1239 803 Eeel.
1270 764 1513 805 Londinensi
1545 774 1585 805 et
1614 766 1702 805 Em·

203 832 304 870 dana
343 833 617 871 ministrorum
653 834 873 872 instituerit
902 842 1144 878 conventus,
1174 842 1214 872 et
1245 848 1437 886 quaenam
1467 836 1588 874 suerit
1617 837 1702 874 eius

202 901 252 939 de
282 901 489 952 colloquiis
519 902 727 940 sententia.
772 915 803 940 a.
833 901 880 940 1η
911 902 1082 941 Ecclesia
1111 902 1352 942 Lomlinensi.
1401 903 1603 943 »Primum
1635 904 1701 944 ha-

204 970 350 1008 »betur
387 978 525 1010 coetus
565 972 835 1009 ministrorum
876 984 920 1009 ac
961 970 1168 1011 Seniorum
1205 971 1399 1011 Ecclesiae
1431 974 1605 1012 omnium
1624 974 1700 1026 1),”

202 1040 242 1077 in
274 1052 352 1090 quo
394 1040 570 1091 »singuli
601 1040 739 1079 ordine
772 1052 843 1078 suo
873 1042 1091 1079 sententias
1130 1049 1324 1092 rogantur
1353 1054 1423 1094 per
1451 1044 1700 1094 superinten-

201 1109 391 1147 »dentem
410 1109 489 1161 ²),⁷'
522 1116 567 1147 ut
597 1110 651 1147 ita
692 1127 707 1142 »
721 1109 881 1147 demum
912 1107 1077 1161 quisque
1109 1111 1247 1149 ordine
1278 1123 1347 1149 suo
1377 1112 1614 1151 sententiam
1644 1113 1701 1152 di-

201 1185 293 1216 »eat
324 1178 372 1216 de
404 1190 519 1216 causa
550 1178 748 1229 proposita
779 1179 888 1216 iuxta
919 1179 1185 1217 eonscientiae
1216 1192 1308 1218 suae
1340 1181 1611 1219 testimonium
1628 1181 1697 1241 3)st

202 1245 323 1285 Porro
365 1247 558 1298 «singulis
597 1248 800 1286 mensibus
839 1248 959 1286 semel
997 1248 1170 1287 habetur
1199 1250 1319 1288 etiam
1349 1251 1558 1301 peculiaris
1585 1251 1699 1289 mini-

201 1306 424 1359 »strorum,
466 1315 675 1354 Seniorum
715 1323 756 1354 et
795 1317 1050 1355 diaconorum
1086 1325 1243 1369 coetus,
1273 1318 1313 1356 in
1344 1331 1421 1369 quo
1451 1319 1606 1358 diaconi
1636 1333 1700 1371 pa·

201 1386 328 1424 »riter
369 1397 503 1423 omnes
543 1392 793 1436 acceptarum
831 1392 871 1423 et
910 1398 1171 1437 expensarum
1209 1387 1552 1438 eleemosynarum
1582 1390 1700 1428 ratio-

200 1467 319 1493 »nem
350 1454 573 1493 subducant
590 1455 660 1507 ¹¹).''
720 1454 923 1493 Postremo
954 1456 1151 1507 »singulis
1181 1455 1383 1494 mensibus
1412 1455 1584 1495 habetur
1608 1469 1698 1495 eon-

201 1532 372 1562 »ventus
414 1524 708 1568 ministrorum,
752 1524 952 1562 seniorum
997 1531 1037 1562 et
1080 1524 1335 1563 diaconorum
1380 1525 1543 1563 onmium
1587 1525 1700 1564 simul

199 1594 517 1645 »pereffrinarum
547 1593 807 1632 Ecclesiarum
831 1592 904 1644 5)st
953 1593 1096 1632 Aditus
1121 1594 1167 1632 ad
1200 1593 1395 1632 Ecclesiae
1425 1595 1698 1633 ministrorum

198 1670 417 1703 conventus
457 1669 565 1714 patet
605 1664 818 1713 unicuique
835 1663 874 1714 ⁶).
934 1663 968 1700 b.
1006 1662 1053 1701 In
1093 1662 1265 1701 Ecclesia
1303 1662 1480 1701 Emdamt
1517 1664 1699 1703 similiter

197 1733 374 1772 instituit
402 1732 689 1783 presbyterium,
720 1733 801 1770 sive
832 1732 1183 1776 consistorium,in
1215 1745 1292 1783 quo
1318 1733 1607 1771 conveniebant
1632 1747 1695 1785 pa-

198 1810 322 1842 stores
361 1802 477 1840 simul
517 1814 674 1845 omnes,
714 1796 893 1852 »quibus
917 1801 1093 1840 adiuncti
1123 1808 1237 1839 erant
1270 1809 1441 1852 quatuor
1469 1803 1591 1860 cives,
1622 1818 1695 1856 viri

198 1871 402 1923 »alioquin
438 1883 597 1921 graves,
634 1870 700 1920 qui
740 1883 760 1907 a
792 1877 873 1907 tota
913 1868 1085 1908 Ecclesia
1116 1857 1351 1921 potestatem
1382 1883 1469 1909 cum
1501 1872 1548 1909 iis
1579 1871 1696 1909 habe-

198 1940 324 1979 »bant
339 1939 417 1992 ⁷)‚''
449 1963 501 1968 —
530 1947 569 1978 et
600 1944 759 1981 eoelum,
790 1939 870 1977 sive
902 1946 1142 1977 conventum
1173 1940 1349 1977 omnium
1379 1941 1548 1990 pariter,
1571 1940 1694 1990 quiin

197 2009 371 2048 Ecclesia
403 2008 783 2047 Phrisiae-orientali
816 2007 925 2045 verbi
956 2008 1127 2046 ministri
1156 2021 1321 2046 munere
1347 2008 1571 2060 funguntur
1587 2010 1696 2062 ⁸).—

197 2092 228 2118 e.
262 2077 464 2129 Colloquia.
509 2076 749 2128 »Tantisper
779 2076 875 2114 dum
914 2076 1090 2127 legitima
1122 2075 1385 2115 Ecclesiarum
1416 2077 1561 2116 iudicia
1592 2090 1693 2117 com-

200 2148 343 2187 »mode
374 2147 533 2185 restitui
563 2158 642 2184 non
672 2152 837 2197 possunt
852 2146 898 2197 ⁹),
961 2146 1084 2184 amica
1114 2146 1219 2185 inter
1249 2147 1532 2186 dissentientes
1561 2147 1693 2186 docto-

904 2145 928 2161 77

254 2320 278 2360 1)
306 2319 418 2351 Forma
441 2330 480 2351 ae
501 2306 562 2352 'raa
588 2320 660 2352 min.
685 2320 783 2352 Lond.
808 2330 837 2361 p.
864 2320 936 2354 517.
1072 2319 1097 2359 2)
1123 2318 1170 2350 Π).
1194 2329 1225 2360 p.
1251 2319 1323 2350 518.

252 2375 277 2415 ³)
306 2374 352 2405 Ib.
376 2385 406 2416 p.
433 2375 506 2408 519.
531 2375 578 2406 ef.
603 2386 632 2417 p.
657 2376 693 2413 4,
720 2375 777 2414 21,
803 2375 882 2413 283,
908 2375 989 2411 294,
1015 2374 1093 2412 295,
1120 2374 1200 2412 371,
1227 2374 1300 2405 393.

253 2430 278 2469 4)
303 2429 350 2460 lb.
373 2440 403 2470 p.
429 2429 502 2461 520.
528 2429 575 2460 ef.
599 2440 628 2470 p.
654 2429 727 2461 521.
906 2428 931 2468 5)
957 2427 1004 2459 Ib.
1027 2438 1058 2469 p.
1084 2428 1157 2460 523.

253 2485 278 2524 6)
302 2483 349 2515 Ib.
373 2495 403 2525 p.
429 2484 502 2516 521.
549 2483 726 2525 Disciplina
753 2483 836 2515 Ecel.
866 2483 948 2514 inter
975 2482 1134 2514 ministros
1162 2482 1196 2513 in
1222 2483 1321 2514 simili
1343 2485 1433 2515 coetu
1454 2488 1620 2519 excreetur.
1646 2487 1692 2520 Cf.
1751 2481 1755 2486 ⁴

200 2538 242 2570 ib.
265 2551 295 2582 p.
321 2538 483 2573 524—27.

253 2592 278 2634 7)
303 2594 358 2635 Ep.
390 2593 435 2624 ad
461 2593 622 2625 Harderzb.
657 2594 733 2632 (Ser.
769 2596 833 2624 ant.
859 2593 902 2623 Π.
928 2593 972 2624 1³.
999 2593 1096 2632 514.).
1128 2591 1175 2623 Cf.
1202 2593 1380 2635 EmJ'elderz'
1405 2595 1464 2637 Ep.
1491 2595 1535 2627 ad
1560 2596 1693 2629 Lascum

199 2647 281 2689 apud
308 2655 468 2678 GABBEMA
493 2658 522 2688 p.
550 2647 605 2686 53,
638 2656 779 2685 GERDES,
809 2647 893 2679 Hz‘st.
917 2647 1042 2689 reform.
1072 2647 1135 2679 III.
1160 2659 1190 2689 p.
1215 2648 1288 2680 149.
1320 2658 1409 2680 UBBo
1438 2657 1583 2690 mimus,
1608 2651 1692 2684 Hist.

201 2702 339 2738 Frisiae,
363 2713 391 2743 p.
418 2701 490 2733 926.
515 2710 690 2739 BERTRAM,
714 2702 798 2732 Hist.
825 2702 898 2732 Crit.
921 2701 953 2733 J.
980 2701 999 2732 ἰι
1028 2702 1128 2734 Laseo
1152 2702 1197 2734 II.
1222 2714 1251 2744 p.
1278 2703 1350 2735 199.

252 2757 278 2798 3)
304 2757 455 2795 ΕΜΜΙΟΞ,
486 2758 571 2788 Ηίεί.
607 2757 730 2788 Frisiae
762 2767 793 2797 p.
825 2756 904 2794 926,
939 2757 1042 2788 Tract.
1078 2756 1116 2788 de
1148 2760 1235 2789 statu
1268 2759 1355 2800 reip..
1391 2759 1471 2791 Fris.
1503 2771 1547 2791 or.
1576 2771 1606 2802 p.
1641 2760 1691 2791 28.

201 2820 377 2848 BERTRAM,
409 2821 436 2842 0.
462 2810 481 2843 1.
514 2811 559 2844 Π.
589 2822 621 2852 p.
653 2810 836 2843 200—202.
867 2819 1138 2850 HARCHENROTH‚
1172 2813 1280 2845 Gesch.
1310 2813 1366 2844 der
1395 2814 1553 2846 Moederk.
1582 2825 1611 2856 p.
1641 2815 1691 2846 23.

202 2876 351 2904 emmor,
382 2865 539 2897 Waarsclc.
563 2876 595 2907 p.
619 2864 694 2897 495.
1016 2906 1020 2909 .

253 2923 278 2963 ⁹)
304 2922 360 2962 Ep.
384 2920 429 2953 ad
449 2920 519 2952 Seu.
545 2920 613 2952 Pol.
640 2920 717 2960 (Sor.
742 2922 807 2951 ant.
836 2918 899 2952 111.
923 2919 970 2950 la.
996 2918 1093 2958 105.).
1111 2917 1168 2951 Cf.
1190 2918 1233 2951 ib.
1261 2918 1314 2958 (ib.
1338 2930 1369 2961 p.
1394 2920 1452 2960 74,
1476 2922 1533 2962 90,
1559 2922 1658 2963 103.).
