1879 3239
944 78 995 116 24

226 213 434 252 invisibilis
473 213 666 251 Ecclesiae
706 212 887 251 doctrina
925 210 1108 250 faciunda
1140 211 1189 249 sit
1219 210 1260 249 in
1290 209 1440 249 Calvini
1470 210 1520 249 de
1550 210 1720 249 Ecclesia

226 283 422 321 sententia
453 282 706 334 exploranda.

438 419 461 469 ς
491 420 525 458 5
582 419 728 458 Relatio
758 417 952 457 Ecclesiae
980 418 1030 456 acl
1060 417 1257 468 »Regyomm
1288 417 1512 456 Coelorum.”

279 556 406 610 Regni
446 557 654 596 Coelorum
685 557 878 608 imagine,
917 569 937 594 a
974 556 1191 595 theocratia
1221 555 1489 594 Israelitarum
1518 563 1719 601 mutuata,

225 638 337 664 usum
378 626 499 665 fuisse
538 626 686 669 Iesum,
726 632 770 664 ut
809 626 963 664 ratione
1003 626 1233 677 aequalibus
1263 626 1343 664 suis
1372 625 1720 676 comprehensibili

224 695 380 734 beatam
410 696 516 733 illam
546 694 710 732 humani
741 695 899 746 generis
929 695 1123 733 indicaret
1154 695 1443 735 conditionem,
1483 707 1605 744 quae,
1635 695 1720 732 cius

225 765 457 816 praesertim
489 763 735 815 apparitione
769 763 974 807 inchoata,
1006 763 1185 801 infinitae
1216 763 1471 814 perfectionis
1501 775 1639 814 capax,
1680 770 1720 801 et-

223 846 339 872 verae
370 832 629 871 humanitatis
659 845 747 870 cum
765 832 846 871 Deo
872 834 1106 871 coniunctae
1133 832 1361 870 charactere
1387 832 1618 883 conspicua,
1636 838 1719 870 tum

222 902 412 940 creatoris
452 902 636 953 gloriam,
675 908 759 939 tum
800 909 1073 940 creaturarum
1113 908 1365 952 promoveret
1409 900 1718 945 beatitudinem,

220 970 370 1009 Calvini
398 977 574 1022 tempore
605 971 783 1009 nondum
814 972 908 1009 satis
938 970 1249 1022 intelligebatur.
1308 968 1538 1008 Sententiae
1573 981 1718 1007 cosmo-

221 1040 372 1092 logicae
412 1046 452 1077 ct
491 1040 827 1091 eschatologicae‚
872 1039 1014 1091 quibus
1051 1047 1158 1078 actas
1197 1040 1262 1077 illa
1302 1039 1480 1083 favebat,
1523 1039 1563 1076 in
1604 1051 1719 1077 causa

217 1110 402 1153 suerunt,
433 1121 503 1147 cur
533 1109 581 1146 ad
611 1109 769 1147 literam
800 1109 981 1147 solebant
1012 1109 1060 1147 de
1091 1120 1215 1159 regno
1246 1107 1456 1146 Coelorum
1487 1107 1576 1146 Iesu
1602 1108 1719 1147 effata

220 1179 409 1230 accipere.
467 1176 649 1228 Regnum
690 1176 780 1221 Dei,
824 1191 845 1215 a
886 1177 1031 1216 Christi
1076 1178 1168 1216 inde
1209 1177 1384 1215 adventu
1423 1184 1719 1228 praeparatum,

220 1253 314 1285 tune
344 1247 504 1285 demum
535 1246 802 1284 instauratum
834 1247 886 1284 iri·
913 1246 1228 1291 arbitrabantur,
1259 1259 1380 1297 quum
1405 1247 1445 1284 in
1476 1240 1718 1286 eonshmma-

217 1317 326 1354 tione
357 1329 490 1354 rerum
522 1316 603 1367 ipse
635 1315 834 1360 Christus,
876 1316 1102 1354 adversario
1141 1328 1211 1354 suo
1243 1316 1346 1353 victo
1385 1323 1503 1366 atque
1535 1316 1718 1360 subacto,

215 1385 337 1424 iudex
374 1385 532 1423 sederet
572 1384 622 1423 dc
653 1385 752 1423 vivis
783 1391 902 1436 atque
934 1385 1111 1423 mortuis.
1139 1388 1144 1393 '
1169 1386 1222 1422 Eo
1252 1385 1376 1436 magis
1402 1391 1534 1422 autem
1565 1385 1605 1422 in
1636 1384 1718 1423 Cal-

215 1454 306 1493 vino
350 1454 592 1493 laudandum
634 1460 716 1496 est,
755 1454 860 1504 quod
898 1454 1025 1492 multo
1065 1453 1207 1491 melius
1246 1454 1351 1492 illius
1391 1455 1503 1505 regni
1543 1454 1718 1492 indolem

212 1524 458 1576 perspexisse
501 1530 684 1575 apparet,
724 1522 791 1560 ubi
825 1522 860 1560 S.
893 1521 1033 1574 Seript.
1074 1523 1271 1572 interpres
1310 1523 1553 1573 dogmatices
1587 1524 1717 1561 minus

212 1592 394 1631 irretitus
438 1599 524 1630 erat
569 1592 734 1643 laqueis.
793 1590 902 1629 Vidit
932 1591 1118 1629 Calvinus
1145 1603 1314 1642 regnum
1344 1590 1570 1635 Coelorum,
1602 1592 1717 1641 quale

210 1675 318 1700 nune
346 1662 423 1700 iam
455 1669 735 1713 praeparatur,
775 1661 1025 1712 complexum
1065 1673 1150 1699 esse
1186 1660 1461 1711 religiositatis
1492 1667 1531 1697 ct
1562 1660 1717 1698 morali-

211 1732 325 1776 tatis,
357 1731 553 1770 abstracte
585 1737 799 1782 sumptum.
858 1729 1145 1768 Locutionibus
1185 1729 1294 1779 requi
1327 1728 1518 1767 Coelomm
1545 1729 1596 1780 ¹),
1636 1730 1716 1767 sive

211 1800 321 1851 requi
348 1799 419 1838 Dei
440 1798 484 1852 ¹),
515 1799 597 1837 sive
623 1797 732 1847 reflui
760 1796 902 1835 Christi
928 1799 985 1848 ²),
1008 1797 1090 1834 sivc
1119 1801 1180 1844 τῆς
1207 1798 1413 1846 βασιλείας
1442 1798 1468 1849 3)
1495 1798 1716 1849 promiscue

212 1870 272 1908 uti
317 1869 440 1912 solet,
480 1880 647 1919 quarum
696 1867 794 1905 duas
834 1866 1002 1904 subinde
1043 1867 1194 1918 colligit
1242 1867 1282 1905 in
1324 1880 1461 1905 unam:
1500 1868 1613 1918 regni
1649 1867 1718 1905 Dei

218 1938 451 1990 Christique,
480 1937 549 1975 ubi
581 1937 679 1975 illud
713 1935 925 1987 Christique
955 1935 1137 1980 additur,
1176 1942 1220 1973 ut
1250 1936 1516 1988 intelligatur,
1562 1935 1716 1975 »Deum

215 2007 345 2046 »Filio
386 2020 456 2046 suo
491 2019 661 2059 regnum
701 2005 930 2048 tradidisse,
970 2011 1014 2042 ut
1044 2017 1114 2056 per
1153 2003 1284 2056 Ipsum
1321 2018 1391 2044 nos
1436 2006 1716 2057 adipiscamur,

216 2095 231 2113 »
245 2083 337 2116 cett.
365 2078 432 2130 ¹¹).''
491 2075 661 2115 Indicari
695 2081 827 2114 autem
860 2075 1029 2112 formula
1060 2075 1126 2112 illa
1158 2075 1364 2126 opinatur,
1395 2075 1611 2126 »quicquid
1639 2074 1716 2114 hue

215 2152 417 2198 »spectat,
462 2152 502 2183 et
547 2145 595 2183 ad
638 2144 744 2182 hune
790 2142 910 2181 finem
951 2143 1194 2187 destinatur,
1240 2150 1283 2182 ut
1322 2144 1427 2182 inter
1466 2156 1537 2183 nos
1575 2152 1717 2196 regnet

217 2233 232 2250 n
248 2215 351 2253 Deus
378 2215 405 2268 ⁵)
418 2214 450 2258 ,''
490 2214 545 2252 sic
574 2226 608 2252 v.
627 2226 675 2255 e.,
715 2220 759 2251 ut
799 2212 873 2251 hoc
913 2213 1094 2264 exemplo
1129 2220 1236 2257 utar,
1266 2214 1306 2251 in
1337 2215 1539 2253 notissima
1570 2215 1715 2254 Christi

215 2285 399 2337 parabola
431 2283 570 2322 verba:
616 2295 813 2334 »regnum
853 2281 1062 2320 Coelorum
1104 2282 1230 2320 simile
1271 2289 1330 2321 est
1370 2284 1590 2321 verriculo''
1629 2298 1714 2336 pcr-

215 2360 344 2394 mutat
375 2365 482 2391 cum:
527 2352 763 2404 ”Euangelii
799 2351 1043 2403 praedicatio
1074 2352 1199 2389 simile
1231 2358 1289 2389 cst
1320 2353 1514 2391 verriculo
1540 2353 1614 2406 ⁶)‚'⁷
1647 2355 1714 2392 ubi

215 2436 311 2475 crgo
341 2435 411 2474 per
441 2434 609 2473 regnum
640 2419 852 2459 Coelorum
891 2421 1088 2472 euangelii
1125 2420 1458 2472 praedicationem
1489 2423 1713 2475 intelligen-

214 2493 302 2531 dam
343 2504 428 2530 esse
468 2496 614 2529 censet.
673 2489 799 2528 Simili
840 2503 996 2541 quoque
1037 2489 1326 2541 significatione
1362 2490 1576 2530 dictionem
1607 2493 1712 2532 illam

269 2697 293 2736 ¹)
320 2695 366 2728 Cf.
394 2696 504 2727 Comm.
528 2695 560 2726 in
583 2695 700 2727 Matth.
726 2695 790 2727 ΙΙΙ.
814 2695 851 2734 2,
876 2696 906 2725 ct
930 2694 974 2726 ad
999 2695 1070 2726 Gal.
1093 2693 1148 2724 IV.
1174 2693 1224 2726 26.

267 2754 292 2792 ⁶2)
319 2751 366 2784 Cf.
394 2751 501 2782 Comm.
527 2751 572 2782 ad
594 2751 681 2782 Ioc'in.
707 2750 827 2782 XVIII.
854 2749 905 2781 36.
933 2750 1043 2782 Comm.
1068 2750 1112 2781 ad
1134 2750 1198 2781 Col.
1221 2749 1247 2783 I.
1270 2749 1309 2781 13
1334 2752 1365 2782 et
1388 2751 1432 2782 cccl
1454 2751 1473 2781 2
1501 2751 1572 2784 slim.
1598 2750 1653 2782 IV.
1681 2751 1709 2783 1,
1733 2746 1737 2751 ’

267 2807 293 2846 3)
319 2807 398 2837 Inst.
422 2805 486 2836 III.
512 2805 563 2837 20.
588 2805 639 2837 42.
775 2804 801 2845 4)
829 2805 939 2838 Comm.
963 2805 1008 2836 ad
1028 2805 1105 2847 EJpJJ.
1130 2804 1166 2837 V.
1192 2805 1221 2837 5.

266 2862 291 2904 5)
319 2862 428 2894 Gomm.
451 2861 484 2891 ἐν),
510 2860 526 2892 1
555 2862 606 2892 (⁷0.
631 2860 686 2893 IV.
712 2860 763 2893 20.
1260 2863 1264 2869 ¹

264 2918 290 2958 5)
319 2917 428 2949 Comm.
450 2915 484 2947 in
509 2915 626 2949 Matth.
650 2915 742 2947 XIII.
766 2914 807 2948 47
834 2914 956 2955 (Herm.
982 2916 1062 2948 See&
1088 2915 1162 2954 XII.
1189 2916 1202 2954 §
1227 2915 1313 2955 111.)
