1879 3239
275 604 316 634 In
349 603 457 633 animo
491 601 576 632 mihi
600 600 719 640 suerat
749 599 987 641 disquisitione
1012 598 1050 629 de
1073 597 1213 629 Joiinnis
1238 595 1259 628 ἁ
1284 597 1386 629 Lasco
1411 597 1483 627 vita
1505 594 1733 626 conscribenda

229 674 367 696 summos
396 665 433 695 in
459 664 635 704 Theoloqia
658 663 793 692 honores
808 666 932 704 petere.
982 662 1115 703 Duplex
1139 665 1248 691 tamen
1269 669 1368 690 causa
1379 659 1475 698 fuit,
1497 667 1555 688 cur
1578 667 1598 686 a
1614 666 1733 697 propo-

231 729 298 758 sito
327 726 523 757 destiterim.
571 725 778 755 Gravissima
805 734 850 755 sc.
879 724 981 754 morbo
1002 734 1096 765 quum
1119 733 1182 765 per
1199 722 1303 753 decem
1321 722 1491 751 continuos
1510 729 1635 750 menses
1662 723 1737 748 stu-

229 789 300 820 diis
319 799 419 820 essem
440 793 585 830 ereptas,
611 798 650 818 ne
672 797 800 818 cursum
824 786 1041 817 academicum
1059 787 1152 816 ultra
1176 785 1379 826 septennium
1401 782 1624 821 extenderem,
1648 781 1737 811 vitae

232 852 321 882 ratio
343 849 572 887 dissuadebat;
599 853 630 879 et
660 849 779 879 iterum
804 849 988 888 iterumque
1013 850 1185 887 praeterea
1214 846 1324 875 animo
1349 844 1553 885 propositum
1578 843 1738 881 volventi,

232 924 305 944 mex
324 921 520 954 persuasum
546 911 633 941 mihi
659 914 750 949 erat,
782 910 886 940 Lasci
916 908 1143 949 bioqraphiam
1168 908 1204 937 in
1236 911 1303 936 tam
1335 906 1428 935 brevi
1454 905 1608 947 temporis
1630 903 1741 944 spatio

232 975 298 1004 rite
336 974 462 1004 absolvi
500 973 588 1003 nullo
622 971 710 1001 modo
739 980 845 1012 posse.
893 969 1021 1000 Idcirco
1056 968 1340 1010 exoptatissimum
1378 966 1464 996 milii
1499 965 1625 999 evenit.
1662 963 1744 1005 quod

235 1036 444 1076 bibliopolae,
468 1035 505 1064 in
529 1034 628 1064 titulo
651 1033 755 1062 huius
779 1031 925 1072 opusculi
948 1031 1117 1068 annotati,
1143 1030 1214 1059 viri
1238 1028 1425 1068 ceteroquin
1446 1026 1484 1056 de
1511 1036 1547 1056 re
1570 1025 1744 1055 litteraria

237 1097 326 1128 haud
355 1106 418 1126 uno
446 1094 574 1125 nomine
597 1092 728 1130 meriti,
755 1091 857 1121 Lasci
880 1090 1092 1131 bioqraplziae
1119 1089 1293 1120 editionem
1317 1097 1433 1118 curare
1459 1096 1494 1116 se
1525 1086 1608 1116 velle
1639 1084 1744 1115 decla—

235 1162 411 1196 raverunt,
435 1157 468 1186 si
493 1160 525 1186 et
547 1154 701 1195 opuscula
730 1153 841 1194 ipsius
869 1153 992 1182 iterum
1016 1151 1147 1193 publici
1172 1151 1263 1180 iaris
1283 1150 1420 1189 jacere,
1458 1152 1489 1179 et
1519 1147 1746 1178 Ecclesiarum

235 1220 294 1250 sub
324 1228 417 1249 cruce
447 1218 622 1248 historiam
654 1224 811 1246 enarrare
845 1224 944 1244 essem
967 1218 1106 1254 paratus
1125 1208 1162 1254 ¹).
1211 1212 1341 1253 Roqavi
1364 1211 1474 1252 iqitur
1504 1209 1744 1240 nobilissimum

212 1276 215 1278 ³
237 1281 464 1320 Theoloqormn
488 1279 774 1319 Groninyanorum
803 1275 976 1314 Ordinem,
1003 1278 1041 1304 ut
1064 1275 1177 1304 liceret
1200 1274 1302 1311 mihi,
1328 1272 1625 1309 commentationis,
1650 1280 1746 1311 quam

235 1346 312 1372 ante
339 1342 396 1372 hos
427 1341 505 1371 duos
532 1350 635 1370 annos
666 1340 704 1369 in
730 1343 892 1369 certamen
919 1337 1124 1367 litterarium
1150 1336 1199 1366 iis
1231 1335 1406 1373 miseram,
1426 1338 1555 1375 partem
1583 1333 1746 1374 primam,

234 1405 389 1435 nonnihil
418 1403 471 1433 hic
496 1403 591 1442 illic,
624 1406 660 1432 ut
692 1411 804 1443 spero,
840 1400 1060 1438 emendatam,
1095 1398 1138 1429 ad
1167 1407 1305 1428 summos
1334 1398 1371 1426 in
1406 1395 1584 1436 Theoloqiu
1614 1395 1748 1425 honores

229 1465 459 1508 capessendos,
485 1465 576 1506 prelo
603 1463 802 1494 submittere.
852 1461 1101 1492 Humanissimi
1124 1460 1212 1499 viri,
1239 1468 1374 1500 quorum
1398 1457 1524 1488 iudicii
1554 1457 1749 1497 aequitatem

230 1529 268 1558 in
301 1526 478 1557 certamine
505 1525 691 1562 litterario,
720 1526 901 1564 promptam
929 1520 1182 1551 benevolentiam
1216 1523 1247 1549 et
1274 1528 1429 1548 summam
1452 1518 1639 1548 comitatem
1664 1527 1748 1547 sem-

229 1598 289 1630 per
318 1587 432 1618 deliine
460 1587 546 1616 laete
582 1595 668 1615 eram
706 1588 879 1626 expertus,
913 1584 970 1613 hoc
1000 1591 1120 1623 quoque
1155 1581 1343 1620 beneficiam
1378 1581 1415 1610 in
1431 1584 1488 1610 'me
1513 1579 1658 1616 conferre
1688 1587 1749 1608 non

191 1649 197 1652 ’
232 1648 403 1689 dediqnati
435 1651 534 1685 sunt,
574 1646 665 1676 bonis
698 1645 762 1674 imo
799 1644 883 1674 votis
917 1643 1091 1673 consilium
1128 1651 1231 1671 meum
1263 1641 1442 1682 prosecuti.
1491 1639 1639 1681 Accipite
1677 1639 1750 1669 Viri

236 1707 351 1740 Clar.!
375 1709 466 1750 9rati
491 1708 596 1738 animi
619 1706 902 1745 testificationem,
927 1714 1020 1746 quam
1045 1714 1085 1734 ex
1111 1704 1230 1733 intimo
1249 1706 1376 1743 pectore
1402 1701 1489 1732 vobis
1517 1702 1625 1742 offero.
1677 1701 1750 1731 Uti-

233 1782 327 1811 nam,
352 1782 415 1813 qua
439 1771 598 1811 hucusque
622 1769 660 1798 in
695 1778 743 1797 me
757 1767 890 1806 fuistis
924 1766 1159 1804 benevolentia,
1185 1774 1315 1795 manere
1348 1761 1476 1803 velitis,
1500 1763 1647 1804 mihique
1676 1763 1749 1793 lici-

233 1838 299 1863 tum
325 1833 371 1863 sit
396 1832 495 1862 etiam
519 1831 556 1860 in
573 1834 743 1871 posterum
768 1828 811 1858 ad
833 1832 943 1858 vestra
967 1827 1140 1868 consuqere
1164 1823 1332 1857 consilia!
1364 1858 1371 1863 ,
1404 1838 1407 1840 ·

280 1892 492 1924 Leidensium
518 1891 744 1931 leeoloqorum
778 1889 899 1919 Ordini
927 1890 1036 1929 maqis
1061 1889 1159 1918 etiam
1193 1898 1241 1918 me
1269 1887 1450 1918 indebitum
1475 1896 1564 1925 esse,
1587 1886 1748 1927 inprimis

239 1956 313 1985 Viro
335 1955 382 1986 Cl.
407 1954 538 1985 Schol
547 1957 637 1991 ten,
673 1952 859 1982 Promotori
882 1950 1182 1989 aestumatissimo,
1215 1950 1254 1979 in
1279 1950 1397 1979 intimo
1417 1948 1509 1978 corde
1522 1948 1746 1989 persentisco,

233 2017 329 2058 idque
360 2016 471 2057 palam
501 2024 585 2044 nunc
613 2013 792 2054 profitens,
823 2012 879 2052 pio
899 2010 1030 2051 funqor
1060 2009 1173 2051 officio.
1226 2010 1285 2039 Vos
1319 2019 1425 2039 omnes
1464 2009 1539 2038 Viri
1569 2007 1660 2047 CM,
1692 2018 1749 2039 nee

234 2079 343 2108 minus
371 2077 422 2106 Tu
446 2076 495 2107 Cl.
521 2085 595 2105 van
615 2071 801 2114 Ilenqel!
820 2082 882 2114 pro
906 2073 1030 2102 eximia
1045 2076 1151 2102 vestra
1164 2071 1398 2110 institutione,
1423 2081 1486 2111 qua
1497 2080 1558 2111 per
1571 2070 1749 2111 quadrien-

234 2141 326 2181 nium
352 2140 407 2169 uti
440 2138 527 2167 milli
553 2137 668 2175 licuit,
693 2136 801 2176 maqis
830 2136 930 2166 etiam
958 2145 1017 2176 pro
1052 2135 1204 2175 eqreqia,
1238 2144 1302 2175 qua
1336 2143 1385 2164 me
1417 2133 1592 2174 excepistis
1625 2142 1751 2173 semper

235 2202 409 2239 comitate,
443 2204 480 2230 ut
516 2204 546 2229 et
576 2208 636 2239 pro
660 2208 784 2228 summa
807 2197 1030 2235 liberalitate,
1052 2207 1116 2237 qua
1140 2200 1319 2226 vestrarum
1343 2195 1605 2225 bibliothecarum
1625 2195 1749 2234 copiam

236 2261 321 2292 mihi
340 2260 497 2300 fecistis,
532 2258 692 2289 candidas
727 2258 865 2298 accipite
899 2257 1046 2297 qratiaS,
1085 2260 1116 2285 et
1152 2255 1302 2294 eundem,
1327 2264 1418 2296 quem
1443 2264 1568 2296 semper
1589 2265 1667 2296 erqa
1700 2265 1749 2286 me

236 2323 417 2361 habuistis,
455 2324 686 2362 inposterum
719 2328 838 2361 quoque
873 2318 1033 2356 servetis,
1070 2318 1224 2347 animum.
1274 2317 1364 2346 Deus
1403 2316 1440 2347 0.
1469 2316 1517 2348 M.
1555 2316 1748 2347 diutissime

238 2395 293 2416 vos
306 2389 415 2414 servet
438 2383 615 2414 incolumes
635 2383 672 2412 in
695 2381 892 2422 disciplinae
912 2383 1042 2409 nostrae
1066 2383 1097 2409 et
1123 2379 1295 2409 Ecclesiae
1323 2378 1417 2409 decas
1443 2389 1480 2408 ac
1502 2377 1748 2409 ornamentum!

284 2445 355 2476 Nee
393 2445 503 2475 ‘minus
527 2443 704 2485 praeclare
733 2442 771 2472 de
805 2451 854 2471 me
884 2445 1073 2471 meruerunt
1113 2441 1312 2471 Litterarum
1347 2440 1584 2470 Humaniorum
1616 2441 1750 2480 Profes-

239 2516 348 2546 sores,
382 2516 514 2547 quoram
544 2504 643 2535 scolis
666 2513 728 2546 per
762 2503 942 2533 triennium
963 2503 1125 2532 interesse
1147 2502 1233 2532 mihi
1254 2503 1413 2542 contiqit,
1439 2512 1515 2543 quos
1545 2512 1667 2541 omnes,
1702 2502 1749 2531 Te

238 2569 426 2610 imprimis,
463 2567 677 2598 Celeberrime
711 2563 879 2605 Cobetl,
919 2566 1053 2607 optimos
1087 2574 1211 2606 semper
1240 2564 1516 2605 qratissimosque
1545 2563 1648 2594 habui
1678 2573 1749 2593 ma·-

276 2720 300 2755 1)
329 2721 448 2746 Primam
467 2720 564 2745 duobus
582 2719 752 2745 velaminibus
775 2717 851 2743 Lusci
868 2725 945 2750 opera
956 2717 1112 2750 prodibunt,
1130 2716 1221 2748 quibus
1239 2715 1389 2747 quantocius
1411 2713 1524 2738 addetur
1545 2713 1650 2737 tertium
1669 2713 1748 2737 vitam

240 2768 336 2799 ἰῃεὶιιε,
371 2765 450 2790 latino
475 2771 589 2789 sermone
615 2764 798 2795 conscriptam,
827 2762 964 2787 continens.
1001 2760 1119 2785 Historia
1138 2759 1314 2784 Ecclesiarum
1331 2758 1377 2783 sub
1397 2757 1495 2787 Cruce,
1519 2756 1613 2788 belyico
1634 2763 1749 2781 sermone

242 2810 409 2839 enarranda,
426 2816 476 2834 uno
494 2808 621 2833 volumine
640 2807 792 2833 absolvetur.
822 2807 879 2831 Iam
898 2813 965 2830 nunc
984 2805 1048 2830 hanc
1066 2805 1202 2828 editionem
1218 2803 1376 2827 annuntiare
1396 2808 1548 2832 maqnopere
1568 2802 1626 2825 mea·
1645 2800 1747 2831 referre

241 2856 387 2884 videbatur,
404 2853 470 2886 quod
488 2852 566 2877 simul
585 2859 670 2876 omncs
690 2851 839 2876 litterarum
859 2850 1041 2875 humaniorum
1061 2849 1234 2879 bonarumque
1254 2847 1352 2871 artium
1373 2846 1508 2877 fautores,
1525 2845 1548 2868 si
1566 2845 1657 2875 forsan
1675 2843 1750 2868 Lasci.

244 2899 379 2932 epistolae,
400 2899 451 2923 sive
478 2897 613 2929 opuscula,
644 2896 696 2921 sive
722 2897 790 2920 vitae
818 2896 899 2927 ipsius
937 2895 1057 2923 notitiae,
1091 2892 1204 2917 nondum
1237 2890 1419 2923 peraulqatac,
1447 2890 1478 2914 iis
1511 2889 1697 2918 innotuissent,
1725 2892 1753 2913 uc

242 2943 416 2969 benevolenter
433 2941 494 2966 haec
512 2938 607 2966 ommia
623 2947 721 2965 meeum
737 2940 937 2969 communicent,
955 2940 1056 2969 reflatus
1073 2944 1127 2962 essc
1144 2936 1230 2962 velim.
