1879 3239
798 93 849 133 37

83 232 309 272 »Christum
349 243 554 269 commune
595 235 732 280 caput,
772 228 865 278 quin
903 228 1078 266 fraterno
1109 227 1214 265 inter
1244 239 1283 264 sc
1316 239 1447 265 amore
1478 239 1567 265 con-

83 301 234 341 niuncti
259 301 365 338 ultro
391 300 569 350 citroque
592 311 660 336 sua
686 297 980 336 communicent
997 295 1070 348 2),”
1100 296 1206 334 inter
1222 294 1419 334 Ecclesiae
1437 303 1569 333 tamen

81 370 208 411 media
261 376 438 408 mutuam
487 367 710 406 istiusmodi
760 367 955 405 sociorum
1001 365 1320 416 cooperationem
1360 364 1451 402 ideo
1491 376 1570 402 non

81 439 362 488 recensendam
393 451 478 477 esse
509 438 713 480 duximus,
754 436 860 486 quod
891 436 931 473 in
962 434 1158 476 Ecclesia,
1188 434 1315 485 qualis
1345 434 1455 471 notio
1485 433 1570 471 eius

81 522 195 562 supra
235 508 412 560 exposita
451 514 531 551 est,
571 506 712 545 ommia
752 518 772 543 a
813 505 904 542 solis
939 504 1168 543 doctoribus
1198 510 1316 554 atque
1348 501 1570 554 pastoribus

81 578 274 631 pendere,
314 578 406 629 ipsis
447 584 578 615 autem
618 575 732 613 sociis
772 574 925 612 nullum
965 573 1128 611 omnino
1166 574 1296 611 locum
1327 572 1367 610 in
1398 571 1570 610 Ecclesia

81 647 347 700 promovenda
388 645 579 696 relinqui,
625 643 833 682 manifesto
870 641 1145 693 deprehendet
1174 641 1469 693 unusquisque,
1504 640 1571 692 qui

81 716 210 755 obiter
239 716 433 754 duntaxat
462 713 703 766 praecedens
732 719 848 764 caput
878 712 1120 763 perlustrare
1150 711 1257 750 velit.

552 852 576 904 §
609 853 641 891 l.
701 851 812 890 Verbi
840 849 1102 889 ministerium.

136 1006 167 1031 a.
215 991 374 1030 Verbum
402 989 481 1028 Dei.

137 1061 310 1101 Verbum
343 1059 410 1098 Dei
460 1057 705 1110 »spiritualis
734 1055 913 1103 doctrina
945 1061 1025 1099 est,
1056 1054 1250 1105 quaedam
1281 1054 1404 1093 veluti
1435 1054 1574 1098 ianua,

84 1149 100 1166 »
114 1145 188 1183 qua
220 1130 467 1182 ingredimur
497 1129 537 1165 in
564 1127 733 1165 coeleste
760 1125 846 1163 eius
871 1136 1039 1175 regnum
1057 1123 1084 1176 ¹)
1097 1123 1129 1168 ,''
1160 1123 1228 1162 ubi
1286 1122 1435 1174 »probe
1458 1129 1499 1161 et
1524 1122 1574 1162 ad

84 1201 244 1239 »vivum
276 1198 389 1236 nobis
415 1195 655 1236 describitur
680 1194 782 1233 Deus
799 1193 871 1247 ²);”
903 1200 962 1232 est
988 1193 1113 1231 instar
1139 1192 1305 1236 codicis,
1337 1204 1415 1243 quo
1459 1209 1474 1226 n
1490 1192 1574 1230 uni-

85 1277 224 1307 »versa
253 1267 352 1306 bene
383 1266 544 1305 vivendi
575 1266 735 1317 regula,
766 1271 851 1302 tum
884 1265 1004 1303 etiam
1034 1262 1127 1301 fidei
1158 1261 1371 1300 instructio
1389 1260 1461 1314 ³)'',
1495 1261 1574 1313 ple-

78 1338 257 1387 nissime
277 1336 517 1375 continetur.
577 1334 750 1373 Verbum
783 1333 850 1372 Dci
902 1350 916 1367 »
932 1332 1023 1371 fidei
1056 1332 1158 1370 basis
1189 1337 1270 1375 est,
1306 1343 1382 1382 qua
1410 1330 1575 1369 fulcitur

84 1414 153 1446 »et
178 1406 485 1459 sustinetur4),''
513 1405 611 1444 adeo
638 1410 710 1442 »ut
735 1416 816 1442 non
841 1403 965 1455 magis
990 1401 1038 1440 ab
1064 1414 1110 1440 eo
1136 1401 1271 1440 divelli
1298 1400 1575 1452 possit„quam

84 1476 213 1515 »radii
248 1489 267 1513 a
307 1476 407 1519 sole,
448 1474 554 1513 unde
595 1473 779 1512 oriuntur
795 1471 862 1525 5).”
933 1471 1119 1523 »Speculi
1159 1470 1285 1508 instar
1314 1476 1394 1514 est,
1425 1469 1465 1508 in
1496 1481 1574 1520 quo

84 1545 238 1584 »Deum
268 1545 473 1583 intueatur
501 1543 600 1582 fides
613 1542 678 1594 6).”
736 1541 875 1580 »Tolle
905 1541 1028 1592 igitur
1058 1539 1222 1579 verbum
1253 1546 1293 1578 et
1318 1539 1426 1577 nulla
1451 1544 1574 1577 resta-

85 1614 186 1654 »bit
208 1613 307 1652 fides
322 1613 386 1666 7)”.
416 1636 468 1641 -—
498 1611 674 1650 Subinde
713 1610 880 1650 verbum
917 1609 986 1648 Dei
1022 1598 1197 1647 inter'et
1227 1620 1377 1647 sacram
1407 1608 1573 1660 scriptu-

85 1695 169 1721 ram
199 1682 445 1734 distinguere
476 1681 655 1724 videtur,
684 1680 752 1719 ubi
783 1693 815 1718 c.
847 1692 881 1731 g.
912 1678 1069 1730 roganti
1100 1678 1141 1715 in
1170 1676 1407 1716 catechismo
1452 1676 1572 1716 »Ubi-

85 1750 203 1790 ›fnam
261 1750 531 1802 quaerendum
580 1749 693 1788 nobis
736 1750 788 1787 sit
831 1748 905 1787 hoc
949 1747 1155 1792 verbum?
1199 1746 1431 1799 respondet:
1502 1747 1572 1786 »in

83 1820 317 1872 »scripturis
347 1821 467 1858 sacris
496 1819 725 1858 continetur
741 1818 819 1871 8);”
848 1819 1079 1869 plerumque
1111 1823 1244 1855 tamen
1275 1815 1361 1862 sine
1389 1816 1471 1855 ullo
1497 1816 1572 1855 dis-

81 1890 243 1928 crimine
283 1889 502 1941 promiscue
542 1895 710 1939 utraque
740 1887 908 1925 formula
944 1887 1083 1925 utitur.
1141 1884 1226 1930 Quo
1256 1885 1341 1923 iure
1372 1885 1411 1924 id
1441 1886 1571 1925 facere

79 1960 246 2003 soleret,
283 1958 363 2010 ipse
400 1970 472 1996 nos
501 1957 658 2000 doceat,
697 1956 762 1995 uhi
793 1956 833 1994 in
862 1955 968 1994 hunc
996 1955 1158 1994 modum
1188 1955 1366 1994 disserit:
1424 1954 1572 2008 »Spiri-

79 2045 94 2062 »
110 2035 172 2067 tus
203 2028 352 2067 virtute
378 2026 612 2071 illuminati,
643 2026 719 2064 iam
750 2038 830 2064 non
862 2032 929 2064 aut
955 2031 1111 2069 nostro,
1137 2031 1206 2063 aut
1231 2025 1398 2063 aliorum
1425 2025 1572 2064 iudicio

80 2098 326 2143 »credimus,
366 2111 386 2136 a
427 2097 631 2136 Deovesse
672 2097 926 2149 scripturam;
967 2097 1036 2135 sed
1073 2108 1191 2148 supra
1220 2096 1440 2135 humanum
1470 2096 1570 2136 iudi-

79 2168 233 2212 »cium,
273 2174 382 2206 certo
421 2167 568 2206 certius
608 2167 888 2206 constituimus
927 2165 1024 2219 (non
1063 2178 1175 2204 secus
1211 2178 1254 2204 ac
1285 2166 1316 2204 si
1347 2166 1470 2218 ipsius
1500 2165 1571 2205 Dei

77 2250 252 2276 »numen
291 2237 370 2275 illic
410 2237 631 2284 intuemur)
669 2235 875 2274 hominum
910 2235 1133 2273 ministerio
1178 2234 1226 2273 ab
1266 2235 1460 2287 ipsissimo
1500 2233 1570 2273 Dei

76 2318 141 2344 ore
181 2306 230 2344 ad
268 2318 338 2344 nos
377 2304 538 2344 fluxisse
555 2304 620 2358 ⁹).''
679 2303 1019 2349 Quemadmodum
1060 2305 1203 2357 igitur,
1243 2311 1287 2343 ut
1327 2317 1444 2356 supra
1473 2303 1570 2343 vidi-

75 2387 182 2419 mus,
225 2374 375 2413 verbam
413 2374 483 2412 Dei
521 2373 614 2413 fidei
654 2374 791 2425 regula
832 2373 880 2412 ab
920 2386 966 2412 eo
1006 2374 1295 2425 proclamatur,
1335 2373 1390 2412 sic
1429 2373 1570 2413 eodem

126 2549 151 2588 ²³)
176 2548 254 2579 Inst.
280 2548 334 2581 IV.
360 2549 389 2580 1.
416 2550 445 2582 3.

126 2603 150 2643 ¹)
182 2604 248 2635 Cat.
277 2603 351 2635 Gen.
375 2603 462 2636 Tom.
487 2603 578 2638 VIII.
604 2605 674 2642 2411.
809 2605 834 2645 2)
861 2606 940 2638 Ins-t.
966 2605 992 2637 I.
1018 2604 1048 2638 6.
1073 2603 1102 2636 3.
1128 2603 1164 2636 cs.
1192 2602 1246 2634 IV.
1274 2603 1324 2636 19.
1350 2602 1399 2636 20.
1440 2615 1448 2619 Χ

122 2658 147 2698 ³)
172 2659 343 2700 Breufid.
371 2659 462 2701 Conf.
487 2659 572 2692 Tom.
598 2660 690 2692 VIII.
716 2671 747 2702 p.
773 2660 842 2693 mh.

123 2713 147 2753 ⁴)
174 2714 254 2745 Just.
279 2713 342 2745 III.
368 2714 396 2746 2.
423 2714 452 2746 6.
586 2716 610 2755 5)
636 2715 684 2747 Ib.
820 2716 844 2755 6)
872 2714 919 2747 Ib.

77 2802 81 2806 ,
120 2768 146 2808 7)
172 2768 218 2801 11),
252 2768 290 2800 cs.
321 2769 400 2801 Inst.
432 2759 496 2801 Hs.
528 2769 556 2800 2.
581 2769 612 2808 7,
636 2771 688 2802 31.
724 2771 832 2802 C'omm.
863 2770 907 2801 ad
929 2770 1025 2801 Hebr.
1051 2769 1104 2800 IV.
1130 2769 1160 2800 2.
1184 2769 1291 2801 Prael.
1317 2768 1401 2800 XVI.
1430 2769 1463 2800 in
1486 2769 1569 2800 Dan..

68 2822 131 2854 III.
157 2822 208 2854 28.
231 2823 318 2855 Tom.
336 2823 373 2854 V.
397 2833 428 2864 p.
454 2823 522 2854 412.
547 2824 652 2857 Prael.
678 2825 796 2857 XLIII.
822 2825 854 2856 in
878 2825 962 2856 Dan.
982 2824 1074 2856 VIII.
1101 2824 1152 2856 26.
1181 2823 1269 2855 Tom.
1286 2822 1324 2855 V.
1350 2823 1441 2856 131³.
1466 2823 1575 2855 Prael.

66 2879 101 2911 in
122 2878 225 2910 Amos.
243 2879 329 2910 Tom.
349 2878 386 2910 V.
404 2889 434 2920 p.
453 2878 547 2916 21623
573 2879 606 2910 in
620 2880 740 2913 Ionam.
759 2880 800 2913 ib.
822 2891 851 2922 p.
870 2880 948 2911 268ἱὶ
967 2882 997 2911 ct
1015 2879 1110 2917 2712·;
1137 2880 1168 2910 in
1194 2879 1343 2911 ,Michanu
1368 2878 1410 2911 ib.
1434 2887 1465 2920 p.
1484 2876 1575 2911 3091).

122 2931 149 2973 8)
177 2933 245 2966 Cat.
273 2933 348 2965 Gen.
373 2931 460 2964 Tom.
485 2932 577 2965 VIII.
603 2944 634 2975 p.
657 2933 727 2967 241³.
862 2933 887 2974 ⁹)
918 2935 998 2967 Inst.
1024 2935 1049 2966 Ι.
1076 2933 1106 2967 7.
1133 2934 1161 2966 5.
