1849 3239
805 91 883 130 427

103 238 231 279 »quae
270 227 425 266 vineam
465 233 574 267 tuam
609 227 877 279 depascuntur
916 231 956 264 et
994 224 1238 263 conculeant.
1303 223 1351 261 Et
1389 224 1593 262 extrudite

102 298 171 336 »in
201 297 308 335 illam
337 298 443 348 pios,
473 297 609 336 fideles
639 309 683 336 ac
712 297 925 348 diligentes
955 293 1251 346 operarios,...
1283 293 1350 343 qui
1377 305 1456 330 non
1483 305 1593 330 suam

101 383 117 399 »
131 367 325 417 ipsorum,
366 365 434 403 sed
473 372 581 404 tuam
617 364 738 403 solius
778 369 971 414 quaerant
1010 361 1177 414 gloriam
1207 367 1247 399 et
1276 360 1470 399 Ecclesiae
1503 367 1592 398 tuac

101 434 449 474 »aedificationem
467 435 505 484 ³).
523 465 530 473 .
548 465 581 474 ..
626 433 886 473 Peculiariter
914 444 1010 471 vero
1036 438 1075 470 te
1103 443 1280 475 oramus,
1320 429 1437 468 Pater
1466 429 1594 467 indul·

102 504 382 556 »gentissime,
419 515 488 555 pro
524 503 668 542 nostris
698 502 762 540 hic
791 501 1098 553 Peregrinorum
1130 499 1332 544 Ecclesiis,
1370 506 1430 543 ut,
1462 510 1595 549 quem-

102 573 343 612 »admodum
385 572 473 610 illas
511 569 734 610 admirabili
774 576 840 608 tua
879 569 1058 607 bonitate
1097 568 1276 619 plantare
1314 567 1496 611 voluisti,
1540 566 1595 604 ita

102 654 197 680 »eas
236 642 370 681 favore
410 648 479 680 tuo
509 639 692 692 prosequi
723 639 909 690 deinceps
939 638 1058 676 etiam
1089 637 1206 682 velis;
1246 642 1290 675 ut
1320 636 1369 674 ab
1399 635 1505 674 omni
1535 641 1596 686 ty-

103 711 298 750 »rannide
336 710 474 749 mundi
513 709 631 748 huius
666 709 852 760 falsisque
883 707 1075 746 doctrinis
1105 706 1363 745 omnibus...
1394 705 1596 744 vindicen-

102 797 118 816 »
133 787 210 820 tur.
241 779 501 831 Agnoscimus
518 777 718 817 ineffabile
740 784 853 816 tuum
874 776 914 815 in
936 777 1013 815 illis
1033 776 1258 827 plantandis
1280 773 1597 817 beneficium...,

103 844 201 889 »scd
240 850 406 900 quia...
447 861 492 887 ea
532 854 591 886 est
630 854 811 886 nostrum
843 846 1020 885 omnium
1051 845 1297 896 corruptela,
1338 850 1383 882 ut
1412 856 1462 882 ne
1493 842 1597 894 cogi-

103 927 217 958 »tare
257 919 416 970 quidem
446 918 540 957 boni
571 917 739 968 aliquid,
775 915 924 954 nedum
954 915 1107 953 fructus
1136 914 1238 952 ullos
1267 919 1308 952 tc
1337 913 1480 965 dignos
1509 923 1597 963 pro-

103 1006 118 1023 >³
133 988 238 1027 serre
273 1001 321 1026 ex
356 987 471 1026 nobis
501 987 573 1038 ipsi
605 986 818 1038 possimus,
858 984 1054 1036 supplices
1085 990 1123 1021 te
1155 995 1383 1035 precamur,
1423 981 1598 1032 omnipo-

104 1064 222 1097 »tens
263 1056 397 1101 Pater,
436 1063 480 1095 ut
519 1056 602 1107 ipse
642 1055 682 1094 in
722 1054 841 1093 nobis
878 1052 1061 1091 omnibus
1097 1065 1167 1104 per
1196 1051 1388 1103 Spiritum
1418 1057 1599 1088 sanetum

105 1144 120 1162 »
136 1134 270 1171 tuum,
313 1126 466 1164 fruetus
510 1125 636 1163 honos
676 1122 899 1161 admirabili
945 1128 1012 1159 tua
1053 1121 1299 1172 plantatione
1335 1120 1478 1170 dignos
1512 1130 1599 1170 pro-

104 1197 279 1245 »ducere
323 1195 509 1246 digneris
579 1191 727 1244 Nempe
771 1198 815 1230 ut
854 1191 1054 1243 plantatae
1093 1197 1252 1229 nostrae
1294 1188 1358 1227 hic
1403 1188 1599 1227 Ecclesiae

105 1265 290 1318 »assidua
324 1264 569 1302 incrementa
608 1275 677 1300 sua
715 1261 890 1299 habeant
929 1261 970 1299 in
1010 1260 1116 1298 omni
1147 1260 1295 1311 pietate
1326 1264 1366 1296 et
1396 1271 1488 1296 vera
1518 1257 1599 1296 ani-

79 1346 289 1374 ·»morum
326 1332 656 1384 concordia4)...
715 1329 789 1369 Pro
820 1329 1002 1368 omnibus
1031 1329 1186 1381 populis
1214 1334 1323 1366 tuam
1354 1325 1600 1365 Maiestatem

104 1404 328 1456 »supplices
363 1414 591 1454 precamur,
628 1401 694 1452 qui
730 1412 868 1439 vocem
907 1398 977 1437 filii
1018 1399 1075 1436 tui
1112 1397 1242 1436 adhuc
1271 1409 1351 1435 non
1380 1401 1599 1448 potuerunt

106 1473 370 1518 »audire‚...
410 1478 454 1510 ut
495 1483 560 1510 cos
602 1482 738 1508 omncs
779 1468 950 1507 ubilibet
986 1468 1158 1506 alios...
1199 1467 1247 1506 ad
1282 1478 1417 1506 veram
1448 1465 1519 1503 filii
1550 1463 1610 1502 tui

107 1561 121 1577 »
134 1544 263 1581 lucem
303 1543 519 1580 clementer
555 1539 752 1578 deducere
793 1538 990 1589 digneri83
1039 1544 1084 1575 ut
1116 1549 1251 1575 omncs
1282 1536 1323 1574 in
1352 1547 1476 1573 unum
1508 1533 1610 1572 ovile

108 1613 259 1664 »ipsius
288 1611 443 1649 collecti
468 1622 539 1666 per
564 1615 670 1647 tuan]
698 1608 913 1660 gratuitam
939 1606 1252 1646 misericordiam
1272 1613 1310 1644 te
1327 1617 1465 1645 verum
1483 1603 1610 1642 Deum

109 1687 318 1719 »nostrum
361 1679 523 1718 laudare
568 1678 811 1716 unanimiter
851 1677 1003 1727 tibique
1043 1689 1173 1728 genua
1212 1683 1346 1714 nostra
1377 1673 1539 1713 flectere
1571 1673 1611 1711 in

110 1750 282 1789 »codem
317 1750 401 1801 ipso
437 1748 518 1787 filio
549 1754 618 1786 tuo
648 1748 797 1798 pariter
827 1758 962 1785 omnes
998 1746 1192 1797 possimus
1209 1744 1311 1798 ⁵)...
1350 1743 1512 1787 Amen,”
1570 1740 1611 1780 Si

109 1820 259 1858 militer
282 1818 455 1868 denique
479 1831 499 1856 a
526 1816 682 1855 Christo
708 1817 824 1854 enixe
850 1815 1105 1867 deprecatur,
1153 1831 1166 1849 »
1182 1821 1225 1852 ut
1255 1826 1327 1852 nos
1348 1820 1498 1852 -oinnes
1529 1810 1612 1863 Spi-

112 1888 243 1926 »ritus
269 1888 328 1925 sui
361 1887 518 1925 vinculo
548 1885 767 1929 consociet,
809 1891 851 1922 ut
883 1884 1035 1923 omissis
1065 1884 1212 1922 nostris
1243 1882 1472 1925 affectibus,
1508 1886 1612 1932 post-

114 1955 356 2007 »habitaque
391 1962 527 1993 nostra
564 1955 710 2006 gloria,
753 1952 866 1991 Illum
916 1953 1043 1991 solum
1079 1952 1345 1996 unanimiter,
1390 1948 1612 1990 coniunctis

114 2025 259 2064 »simul
288 2025 392 2065 votis
421 2024 567 2063 nostris
598 2022 782 2063 omnibus
812 2022 1083 2062 collaudemus
1099 2021 1165 2074 ⁶).’'

577 2299 855 2340 CONCLUSIO
885 2298 1080 2339 CAPITIS
1110 2298 1156 2337 ΙΙ.

167 2442 324 2480 Praeter
363 2452 463 2486 eam,
502 2452 596 2492 quac
635 2440 676 2478 in
713 2439 851 2477 mundo
892 2438 999 2477 obvia
1037 2436 1156 2476 oculis
1196 2434 1496 2487 conspiciendam
1538 2445 1615 2472 sese

109 2511 283 2562 praebet,
327 2511 474 2549 ‘nullam
511 2510 632 2549 aliam
671 2508 885 2547 Ecclesiam
923 2507 1088 2558 coquam
1125 2506 1190 2556 sas
1232 2509 1294 2543 cst.
1352 2503 1456 2542 Haec
1491 2508 1616 2542 aulem

114 2579 287 2618 Ecclesia
327 2579 494 2631 filiorum
532 2578 601 2617 Dei
641 2577 862 2616 societas
900 2581 953 2614 est
990 2575 1109 2614 libera
1138 2578 1247 2626 atque
1276 2573 1470 2623 fraterna,
1510 2572 1616 2612 euius
1671 2587 1678 2601 ι

167 2771 192 2811 ³)
223 2771 334 2801 Forma
358 2780 395 2801 ac
417 2772 479 2801 rat.
503 2770 574 2802 min.
600 2769 701 2801 Loud.
727 2779 756 2810 p.
782 2768 833 2802 74.
968 2767 993 2807 41)
1021 2766 1068 2798 Ib.
1092 2776 1121 2807 p.
1147 2765 1199 2800 76.
1334 2764 1358 2805 ⁵)
1377 2763 1424 2797 Ib.
1442 2775 1472 2806 1).
1489 2763 1614 2801 78,79.

167 2826 192 2866 6)
221 2825 322 2857 Duce.
347 2824 385 2856 de
409 2824 545 2855 Sacram.
568 2833 598 2864 p.
627 2823 718 2854 1411).
745 2820 792 2852 Cf.
818 2820 861 2852 ib.
887 2820 960 2853 129.
988 2823 1058 2852 Cat.
1083 2819 1180 2851 Lond.
1206 2818 1278 2851 mai.
1307 2829 1337 2860 p.
1363 2818 1414 2856 27,
1439 2818 1492 2852 73.
1526 2818 1614 2860 Cous.

104 2880 188 2922 fidei
214 2890 244 2921 p.
275 2880 326 2911 18.
353 2880 529 2919 (HERINGA.
553 2889 583 2920 p.
610 2877 708 2917 204).
736 2878 766 2907 E
762 2888 796 2918 J).
821 2874 923 2907 dedic.
947 2875 981 2906 iu
1003 2875 1117 2906 forma
1140 2884 1178 2905 ac
1200 2875 1262 2904 rat.
1286 2873 1357 2904 min.
1380 2872 1478 2905 Lond.
1502 2882 1533 2913 p.
1559 2871 1616 2910 79,

114 2934 219 2976 operis
243 2944 273 2975 p.
285 2935 344 2973 48,
361 2934 435 2969 175.
465 2934 566 2966 Series
582 2933 651 2965 coll.
669 2942 748 2964 cum.
765 2937 921 2964 BRENTIO.
943 2930 1111 2971 (MEINERS.
1135 2927 1251 2970 Oostfr.
1268 2927 1456 2970 Kerkyesch.
1472 2926 1499 2958 Ι.
1517 2925 1617 2967 623.).
