1849 3239
941 73 1020 112 102

234 208 507 251 exhibuimus,
547 214 591 246 ut
630 206 827 258 quomodo
866 205 951 245 eius
985 206 1207 246 libellorum
1244 208 1350 246 tituli
1390 208 1490 247 insi-a
1530 208 1728 247 decurtati

234 279 333 322 sint,
372 279 498 330 palam
529 277 580 315 sit
610 277 677 321 iis,
708 276 775 327 qui
805 288 1021 327 numquam
1051 289 1170 315 manu
1201 289 1268 315 eos
1300 278 1498 317 triverunt
1517 278 1555 331 ¹).
1600 277 1729 316 Prius-

289 442 314 481 1)
340 450 431 473 LAsct
453 452 581 484 operum
604 441 708 472 variae
730 441 853 472 exstant
876 440 1019 482 Syllogae
1048 441 1132 473 haud
1154 441 1297 483 paullum
1318 452 1336 473 a
1360 452 1391 473 se
1415 442 1553 475 invicem
1575 442 1732 483 diversae,

234 496 389 529 nimirum
411 497 494 538 apud
516 506 543 528 J.
568 503 791 534 VERHEYDEN,
815 497 941 528 Praest.
964 497 1059 539 aliqu.
1085 498 1186 529 Theoi.
1214 498 1306 540 Effiy.
1334 498 1442 540 Eloqq.
1468 499 1573 531 libror.
1600 498 1734 539 cataloy.

234 551 472 593 Hagae-Comit.
502 550 597 581 1602.
626 560 656 591 p.
682 550 739 588 89;
765 559 797 583 D.
822 559 966 589 GERDES,
994 551 1103 583 Floril.
1127 551 1200 583 hist.
1224 551 1294 583 crit.
1321 551 1391 584 libr.
1418 562 1483 584 rar.
1511 552 1606 584 Gron.
1635 551 1731 586 1763.

235 608 294 639 Ed.
326 607 370 639 3³.
401 617 431 648 p.
469 605 549 643 226;
583 605 791 638 Miscellanea
829 607 976 648 Gronz'ny.
1012 606 1099 638 Tom.
1134 606 1197 638 ΙΙΙ.
1228 606 1301 637 fasc.
1335 607 1365 639 1.
1399 605 1437 639 ai.
1473 607 1569 642 1740.
1610 617 1642 648 p.
1674 607 1734 645 803

236 669 488 698 REERsnEMms,
523 661 617 692 Luth.
652 661 750 703 Ostfr.
781 661 877 693 Pred.
912 661 1084 698 Denlcmuh
1118 660 1239 692 Aurieh
1270 661 1366 696 1796.
1402 671 1433 703 p.
1465 661 1523 700 233
1558 670 1733 701 BERTRAM,

236 718 322 750 Hist.
349 715 465 748 Critica
492 713 525 746 J.
549 713 569 745 ὰ
591 715 708 753 Lusco,
732 715 853 746 Aurieh
881 715 976 750 1733.
1001 725 1032 756 p.
1056 715 1114 752 293
1139 715 1304 753 Eiusdem,
1327 716 1396 747 Erl.
1419 715 1487 746 und
1506 717 1604 749 vcrth.
1636 717 1736 758 Ostfr.

236 770 494 811 Kirchenyesch„
519 769 639 801 Aurieh
663 769 759 803 1733.
783 779 815 811 p.
839 770 899 807 93;
924 778 953 801 L.
978 778 1131 808 HARBOE,
1157 771 1277 801 Zuverl.
1300 770 1417 802 Nachr.
1445 781 1503 802 von
1530 770 1590 802 den
1615 772 1735 803 Schilcs.

235 827 291 858 des
313 826 345 857 J.
370 824 390 856 a
412 825 528 864 Lasco,
559 824 722 867 Koppenh.
748 835 778 857 u.
803 825 878 866 Lpz.
904 824 1000 859 1758.
1032 835 1062 866 p.
1091 824 1143 857 13.
1173 826 1263 863 nota;
1287 833 1389 863 ROLL,
1414 825 1498 856 Bibl.
1521 826 1590 858 nob.
1616 826 1736 863 Theoi„

235 880 309 922 Lp2.
329 879 424 914 1709.
445 890 475 922 p.
497 880 576 918 3023
600 888 792 919 FREHERUS,
815 880 939 912 Theatr.
960 880 1016 912 vir.
1034 879 1122 912 erud.
1141 880 1235 917 clar„
1258 879 1449 921 Noribergae
1467 880 1569 919 1688,
1593 891 1623 922 p.
1640 879 1737 918 182b;

236 943 508 967 REGENVOLSCIUS
533 936 772 977 (wEGIERsKY),
796 936 940 977 Systema
963 935 1243 968 Historico-clzron.
1268 935 1351 968 Eccl.
1371 937 1517 973 Slavon.‚
1539 934 1620 966 Trai.
1637 930 1738 977 asRh.

237 990 334 1022 1652.
363 989 426 1023 III.
451 991 531 1029 4123
564 999 718 1030 ADAMUS,
748 991 823 1022 Dec.
851 989 934 1022 duae
961 990 1015 1022 vit.
1035 988 1144 1022 exter.
1175 990 1278 1022 Theoi.
1310 990 1355 1022 8⁰.
1385 1001 1415 1032 p.
1441 990 1492 1022 22.
1517 991 1548 1021 et
1570 999 1740 1030 FREYTAG,

235 1044 392 1077 Analecta
422 1045 551 1084 critica,
581 1044 617 1076 in
645 1055 736 1077 voce:
767 1044 787 1076 a
815 1045 924 1077 Lasco.
971 1044 1011 1076 In
1041 1044 1155 1086 quibus
1182 1054 1334 1087 quaenam
1360 1044 1481 1084 desint,
1510 1055 1588 1087 quae
1619 1044 1738 1087 spuria,

238 1109 316 1141 quae
344 1101 481 1141 genuina
508 1111 660 1143 exponere
683 1111 766 1133 nune
789 1100 916 1142 longius
944 1101 1024 1131 esset
1033 1114 1041 1139 3
1065 1111 1164 1143 neque
1192 1100 1225 1133 id
1254 1100 1338 1132 enim
1365 1100 1503 1141 agimus,
1534 1103 1570 1132 ut
1596 1100 1742 1132 omnibus

237 1155 378 1186 numeris
401 1155 577 1188 absolutam
604 1155 718 1188 seriem
748 1156 817 1188 eius
841 1166 970 1198 operum
993 1155 1212 1195 exhibeamus,
1236 1156 1317 1197 quod
1340 1155 1375 1187 in
1398 1155 1535 1188 editione
1557 1155 1648 1187 Lasci
1671 1166 1742 1197 ope-

239 1219 310 1241 rum
338 1210 437 1243 facere
464 1222 535 1243 mox
566 1222 740 1253 speramus,
771 1212 823 1244 sed
854 1222 905 1243 eos
931 1213 1057 1244 tantum
1084 1211 1208 1243 libellos
1240 1221 1452 1250 recensemus,
1482 1211 1596 1254 quibus
1626 1210 1659 1242 in
1686 1210 1743 1243 hac

241 1263 460 1305 disquisitione
484 1265 531 1298 uti
556 1265 646 1297 nobis
671 1265 813 1307 contigit.
845 1259 938 1297 'Sunt
962 1267 1069 1297 autem
1093 1267 1271 1307 sequentes:
1552 1306 1559 1314 ,

276 1318 320 1351 1⁰.
341 1315 508 1362 ¹Defensio
531 1331 623 1352 verae
646 1331 825 1362 semperque
846 1321 880 1351 in
896 1321 1040 1352 Ecclesia
1061 1322 1205 1362 receptae
1229 1319 1391 1352 doctrinae
1414 1320 1453 1352 de
1479 1320 1597 1352 Christi
1618 1321 1745 1352 Domini

236 1373 457 1406 incarnatione
479 1374 632 1407 adversus
655 1375 841 1408 Mennonem
866 1375 940 1408 Sim.
969 1375 1250 1417 Anabap'tistarum
1276 1375 1431 1407 doctorem
1448 1386 1509 1417 pcr
1532 1384 1557 1406 J.
1582 1373 1600 1405 ὲ.
1623 1383 1742 1414 LAsco,

238 1428 391 1461 Potoniae
425 1430 603 1468 Emonam,
641 1430 816 1462 ministrum
841 1430 1052 1461 Ecclesiarum
1080 1429 1419 1462 Phrisiae-orientalis.
1464 1429 1591 1460 Bonnae
1620 1439 1657 1460 ex
1682 1430 1745 1460 offi-

239 1483 311 1514 cina
337 1482 434 1524 Mylii
462 1484 504 1517 a⁰.
529 1485 626 1517 1545.
652 1485 700 1525 (de
725 1485 846 1518 Christi
871 1484 1125 1524 incarnatione.).

282 1538 327 1571 2⁰.
366 1539 527 1582 Confessio
554 1548 580 1571 J.
605 1538 622 1570 ὲ
643 1548 746 1571 LAsco
770 1539 809 1572 de
832 1541 941 1572 nostra
964 1550 1031 1571 cum
1059 1538 1181 1571 Christo
1202 1539 1291 1571 Dom.
1316 1538 1536 1571 Communione
1557 1541 1589 1571 et
1611 1539 1746 1581 corporis

242 1593 293 1625 sni
314 1593 388 1625 item
410 1593 444 1624 in
470 1594 572 1626 Coena
595 1605 656 1626 sua
682 1594 871 1627 exhibitione
897 1605 964 1626 cum
987 1593 1131 1635 Epistola
1147 1593 1397 1635 praemonitoria
1420 1593 1466 1625 ad
1486 1594 1643 1626 ministros
1664 1594 1746 1626 Eccl.

242 1648 565 1680 Frisiae-Orientalis.
599 1659 622 1681 S.
640 1659 667 1680 a.
684 1648 707 1680 1.
738 1651 770 1680 et
794 1651 918 1691 typogr.
945 1649 987 1689 (a.
1013 1648 1102 1680 Conf.
1126 1648 1164 1679 de
1187 1650 1294 1680 nostra
1317 1658 1390 1680 cum
1413 1648 1496 1680 Chro
1520 1649 1746 1682 communione.

246 1703 273 1734 ὂ.
299 1702 388 1735 Conf.
412 1702 449 1734 de
475 1702 591 1735 Christi
615 1714 733 1746 corpor.
759 1703 808 1735 sui
833 1703 958 1744 exhib.).

285 1757 329 1791 3⁰.
369 1757 417 1800 Of
436 1758 490 1790 het
517 1759 576 1790 den
612 1760 809 1798 Christenen,
840 1759 957 1791 nadien
985 1760 1030 1801 aij
1051 1759 1104 1791 het
1127 1757 1213 1791 word
1242 1758 1357 1797 Gades,
1387 1759 1467 1792 ende
1488 1760 1528 1792 de
1545 1760 1751 1803 yodloosheyt

248 1813 304 1846 cles
330 1813 570 1846 Paauwstdoms
597 1815 706 1847 bekent
736 1815 869 1852 hebben,
904 1814 1079 1856 eeniyhsins
1107 1813 1276 1856 veroorloft
1304 1814 1349 1852 is,
1381 1814 1439 1846 dat
1464 1815 1509 1856 zij
1534 1815 1602 1847 zich
1628 1815 1661 1847 in
1689 1815 1751 1847 den

241 1869 490 1911 paauwstlichen
510 1868 751 1910 yodsdienstem
774 1868 854 1901 ende
876 1869 911 1900 in
933 1868 1123 1910 zonderhepjt
1144 1869 1177 1899 in
1198 1867 1258 1899 den
1281 1868 1372 1902 misse
1395 1869 1508 1902 vinden
1530 1870 1626 1903 laten.
1664 1870 1751 1904 Jere-

249 1924 313 1955 mia
337 1923 389 1954 51.
413 1922 544 1955 Emden.
569 1922 650 1955 Gell.
676 1923 778 1957 Ctem.
804 1922 900 1956 1557.
928 1923 977 1963 (de
1007 1922 1104 1953 missa
1126 1922 1269 1964 papali).

287 1977 333 2009 4⁰.
370 1979 483 2010 Forma
511 1989 549 2009 ac
577 1979 660 2011 ratio
690 1981 756 2011 tota
787 1978 1002 2010 Ecclesiastici
1032 1978 1198 2010 ministerii
1233 1979 1268 2010 in
1294 1979 1529 2021 pereqrz'norum
1560 1980 1645 2014 Eccl.
1677 1983 1749 2012 cett.

251 2036 378 2066 auctore
404 2042 430 2065 J.
455 2031 473 2063 ὲ.
496 2041 596 2064 LAsco
615 2057 643 2065 ..
664 2044 731 2065 cum
753 2044 799 2075 ep.
823 2033 1068 2075 nuncupatoria,
1093 2033 1128 2064 in
1154 2044 1215 2075 qua
1239 2034 1338 2065 brevis
1362 2035 1588 2067 calumniarum
1613 2047 1751 2079 quarun-

252 2090 324 2122 dam
347 2088 520 2131 refutatio,
542 2099 621 2131 quae
639 2089 734 2131 falso
756 2088 908 2120 adversus
932 2088 1033 2130 ipsum
1054 2089 1088 2120 in
1113 2088 1332 2120 Martinianae
1356 2089 1517 2122 cuiusdam
1536 2091 1624 2132 apud
1645 2093 1750 2125 Brem.

245 2145 389 2190 pastoris
408 2144 583 2186 farraqinc
611 2144 772 2185 inspersae
801 2144 965 2175 habentur.
995 2142 1091 2176 Lond.
1122 2142 1204 2184 apud
1234 2142 1442 2185 Myerdmann
1470 2155 1494 2177 s.
1516 2154 1544 2176 a.
1568 2145 1692 2187 (Forma
1719 2156 1754 2178 ao

255 2201 335 2233 ratio
359 2199 435 2232 min.
460 2198 582 2240 Lond.).

294 2255 339 2287 5⁰.
373 2254 487 2286 Brevis
510 2264 548 2285 ac
569 2253 711 2285 dilucida
734 2253 773 2285 de
789 2253 1001 2286 Sacramentis
1017 2253 1175 2286 Ecclesiae
1194 2254 1312 2286 Christi
1327 2255 1492 2295 tractatio,
1508 2255 1542 2288 in
1557 2267 1620 2298 qua
1635 2257 1753 2298 etfons

255 2311 338 2354 ipsc,
357 2311 388 2341 et
404 2308 487 2340 ratio
507 2308 603 2340 totius
621 2309 893 2341 Sacramentariae
916 2309 1015 2341 nostri
1038 2309 1184 2351 temporis
1205 2310 1432 2341 controversiae
1441 2311 1556 2352 paucis
1571 2312 1754 2354 exponitur.-

257 2367 433 2406 naturaque
455 2374 493 2395 uc
520 2364 566 2395 vis
593 2364 862 2396 Sacramentorum
886 2364 1064 2407 compendio
1086 2367 1117 2397 et
1127 2365 1292 2407 perspicue
1307 2366 1514 2407 explicantur,
1524 2377 1584 2409 per
1599 2369 1755 2398 JoiiNNEM

257 2420 276 2452 {i
296 2428 414 2458 LAsco,
445 2419 523 2451 Bar.
552 2419 720 2456 Potoniae,
749 2420 1052 2461 superintendentem
1083 2420 1164 2452 Eccl.
1183 2430 1306 2462 pereyr.
1330 2421 1462 2453 Londin.
1486 2422 1700 2464 Ephesiorum.
1724 2424 1756 2456 4.

258 2473 392 2507 Londini
420 2483 476 2515 per
498 2473 606 2515 Steph.
633 2473 907 2515 Myerdmannum.
936 2475 996 2507 An.
1025 2474 1121 2506 1552.
1154 2473 1323 2514 (Tractatio
1350 2473 1387 2505 de
1414 2475 1657 2516 Sacramentis.).

299 2529 344 2561 6⁰.
379 2528 481 2560 Series
503 2538 540 2560 ac
556 2538 744 2570 proffessus
767 2529 910 2571 colloquii
932 2537 958 2559 J.
982 2527 1000 2559 ὲ
1023 2536 1122 2560 LAsco
1150 2539 1218 2560 curn
1249 2529 1290 2560 D.
1315 2529 1431 2562 Bentio
1458 2532 1490 2561 et
1515 2531 1646 2573 ipsomet
1669 2532 1757 2575 prin-

259 2586 326 2629 cipe
359 2584 645 2625 Wurtemberyensi.
668 2584 803 2615 Auctore
826 2593 851 2616 J.
876 2582 894 2615 ὲ
917 2593 1030 2617 hasco.
1054 2584 1087 2615 in
1108 2592 1273 2623 Mutunus,
1302 2585 1565 2618 Oostvriesland's
1580 2586 1759 2629 Kerhelijlcc

263 2638 492 2674 Geschiedenis.
517 2638 610 2671 Gron.
636 2639 733 2673 1738.
757 2639 844 2671 Tom.
870 2639 896 2672 I.
921 2650 950 2682 p.
977 2640 1039 2671 618
1064 2650 1107 2681 sq.
1134 2640 1250 2679 (Series
1274 2640 1346 2673 coll.
1371 2651 1396 2673 c.
1420 2641 1586 2683 Bremia).

299 2694 344 2729 7⁰.
378 2693 557 2725 Admonitio
585 2693 630 2726 ad
658 2693 880 2726 Christiernum
913 2694 1037 2727 Daniac
1060 2695 1182 2737 Reyenz.
1215 2694 1370 2726 Aembdae
1400 2695 1496 2729 1553.
1532 2696 1701 2742 Reperitup
1724 2697 1758 2728 in

261 2757 405 2787 anunm,
436 2748 534 2781 Scrin.
558 2751 624 2781 ant.
649 2748 693 2781 ΙΙ.
719 2749 782 2780 682
808 2759 852 2791 sq.
876 2751 908 2781 et
929 2749 962 2781 in
989 2759 1012 2782 1.
1035 2758 1238 2788 UTENHOVII,
1264 2751 1400 2793 Simplex
1426 2762 1464 2784 ac
1476 2752 1589 2794 fidelis
1615 2754 1758 2785 narratio

262 2806 301 2838 dc
330 2803 477 2836 instituta
506 2813 544 2835 ac
574 2803 694 2835 demum
723 2803 879 2846 dissipata
905 2805 1075 2847 Belqarum
1107 2805 1299 2848 aliorumque
1321 2807 1556 2848 pereyrz'norum
1583 2806 1617 2838 in
1643 2807 1759 2849 Anqlc'a

262 2860 347 2894 13002.
370 2859 444 2889 cett.
468 2857 567 2889 Basu.
593 2857 687 2889 1560.
714 2857 859 2898 (Admon.
884 2857 922 2889 aa
946 2857 1091 2899 Christ).
1210 2850 1215 2856 '

304 2914 349 2948 8⁰.
387 2912 598 2948 Catechismus
624 2913 672 2956 oft
695 2912 916 2953 Kinderleere‚
940 2913 1103 2946 die'men-
1119 2915 1150 2945 te
1181 2913 1308 2948 Londen
1337 2914 1371 2946 in
1397 2913 1437 2947 de
1467 2913 1649 2958 Duydtschc
1681 2914 1759 2947 Ghe-

1838 476 1849 607 -Lt-m-—„
1839 436 1847 444 ι
1847 416 1849 420 .
