1849 3239
897 74 948 112 74

177 223 255 249 »an
287 222 445 248 cursum
475 209 582 247 hunc
612 215 694 247 tota
726 208 805 247 vita
836 213 973 245 tenere
1005 206 1183 245 debet?”
1212 219 1298 256 cum
1331 205 1507 258 emphasi
1534 211 1669 245 noster

177 279 412 331 respondet:
471 278 681 330 »Coepisse
707 289 843 329 parum
878 283 958 319 est,
988 277 1063 314 nisi
1090 287 1330 328 perseveres,
1388 275 1533 314 Christi
1563 275 1671 315 enim

180 348 421 400 »discipulos
450 360 575 398 usque
602 347 643 385 in
668 346 808 389 finem,
839 346 900 383 vel
926 345 1009 383 sinc
1036 344 1113 383 fine
1139 345 1276 396 potiusv
1297 356 1367 383 nos
1392 357 1476 383 esse
1502 351 1673 396 oportet.

181 417 321 457 »Hane
359 417 466 455 enim
504 415 751 454 functionem
789 414 992 452 mandavit
1031 413 1228 452 Ecclesiae
1268 412 1481 457 ministris,
1528 417 1570 451 ut
1608 425 1673 451 suo

183 498 279 524 »nos
320 485 397 523 loco
427 490 460 522 et
488 482 636 522 nomine
665 482 819 520 doceant
837 482 917 535 18),”
975 481 1014 520 Si
1045 482 1112 532 qui
1143 494 1238 533 ergo
1269 481 1503 533 irrepserint
1532 483 1574 523 in
1604 481 1682 521 Ec->

183 555 341 594 clesiam
381 553 546 596 abusus,
595 563 763 602 quorum
801 551 979 603 proluvie
1020 551 1101 589 sive
1141 551 1321 590 doctrina
1359 552 1673 604 contaminatur,

184 624 267 662 sive
297 623 444 666 cultus,
475 620 719 660 reformandi
749 621 790 659 in
819 621 965 659 talibus
995 621 1057 658 ius
1086 620 1311 671 pastoribus
1336 621 1535 672 integrum
1567 634 1676 674 sepo-

185 699 293 732 nant.
342 691 416 742 Ipsi
449 696 583 728 autem
612 688 770 734 fideles,
816 702 1014 741 »quorum
1045 702 1122 728 non
1154 697 1214 728 est
1244 690 1389 729 abusus
1418 691 1676 743 corrigere...

188 761 265 800 »ab
305 760 383 799 illis
422 771 506 797 sese
536 757 781 802 subducant,
811 765 855 796 ut
886 771 970 797 sese
1002 759 1179 810 integros
1208 766 1248 797 et
1278 760 1609 799 incontaminatos
1638 759 1677 798 in

188 829 283 868 »Dei
312 829 424 869 cultu
451 834 654 880 praestent
671 827 755 878 19).”

647 1117 923 1158 CONCLUSIO
953 1110 1147 1157 CAPITIS
1174 1115 1237 1157 IV.

252 1246 445 1285 Summum
474 1244 515 1283 in
546 1242 720 1283 Ecclesia
748 1242 948 1294 imperium
976 1242 1055 1293 ipse
1083 1241 1183 1281 Deus
1209 1246 1324 1287 tenet,
1354 1242 1417 1294 qui
1442 1218 1691 1282 tamen'Filio

196 1328 260 1355 suo
289 1314 403 1365 usque
431 1313 482 1352 ad
511 1324 724 1363 supremum
753 1311 935 1350 indiciam
964 1324 1121 1362 reqnum
1149 1311 1247 1350 illud
1277 1311 1445 1350 tradidit.
1503 1311 1690 1363 Operatur

197 1388 321 1424 autem
348 1383 389 1422 in
419 1381 592 1421 Ecclesia
621 1380 814 1425 Christus,
843 1380 900 1419 vel
925 1380 958 1420 si
982 1366 1131 1424 mavis,¹
1147 1380 1226 1431 ipsc
1250 1380 1368 1425 Deus,
1395 1381 1539 1432 duplici
1562 1381 1690 1426 modo,

198 1458 265 1493 aut
293 1465 340 1493 sc.
371 1451 528 1503 spiritus
557 1451 617 1490 sui
644 1450 779 1489 virtute
807 1449 886 1501 ipse
916 1450 1036 1493 solus,
1066 1449 1186 1490 nullis
1213 1449 1346 1489 mediis
1374 1450 1622 1501 interpositis,
1652 1451 1694 1490 in

197 1523 306 1562 corde
344 1521 536 1561 hominum
568 1520 795 1559 voluntatem
834 1531 942 1558 suani
975 1518 1209 1570 eoesequitur,
1240 1523 1306 1557 aut
1335 1522 1466 1558 contra
1490 1519 1545 1558 ita
1565 1523 1694 1571 poten-

198 1592 291 1632 tiam
320 1602 427 1631 suam
456 1594 584 1641 sponte
613 1587 906 1632 circzmiscribit,
936 1591 977 1626 ut
1006 1587 1165 1638 spiritus
1190 1587 1250 1627 sui
1274 1587 1478 1639 efficacitas
1504 1588 1696 1627 hominum

198 1660 444 1701 intermediae
481 1658 623 1698 actioni
661 1657 853 1708 alliqetur.
916 1658 1107 1704 Quatenus
1145 1663 1269 1696 autem
1309 1657 1521 1697 hominibus
1559 1670 1583 1696 a
1621 1657 1697 1699 Deo

199 1730 436 1770 commissum
464 1733 517 1767 est
546 1726 740 1766 Ecclesiae
768 1725 952 1777 reqimen,
982 1725 1090 1765 unice
1119 1725 1201 1776 fere
1223 1725 1485 1765 ministrorum
1514 1728 1698 1771 ordine

201 1800 431 1843 continetur,
470 1797 603 1850 quibus
628 1800 850 1848 perpetuum
879 1795 1062 1835 incumbit
1091 1795 1274 1846 officium,
1309 1800 1351 1834 ut
1381 1796 1536 1835 tradant
1561 1798 1700 1849 populo

204 1883 222 1909 e
251 1881 362 1909 sacra
391 1867 583 1918 scriptura
612 1865 777 1904 elicitam
805 1864 1028 1904 doctrinam.
1077 1864 1119 1903 Se:
1134 1860 1206 1916 'qui
1231 1865 1306 1904 sint
1330 1865 1372 1904 in
1396 1878 1523 1904 eorum
1548 1878 1701 1908 numero

201 1950 297 1991 prae
326 1937 458 1976 ceteris
488 1947 642 1987 saqaces
671 1939 704 1973 et
733 1939 842 1974 vasta
866 1934 1049 1985 pollentes
1074 1933 1300 1979 eruditione,
1331 1935 1569 1974 doctoris
1595 1935 1703 1975 titulo

205 2012 407 2051 ornentur,
447 2011 480 2044 et
510 2005 577 2043 hoc
607 2004 678 2043 sibi
706 2003 930 2042 mandatum
960 2003 1122 2041 habeant
1151 2003 1333 2054 officium,
1371 2008 1413 2042 ut
1442 2004 1483 2042 in
1511 2004 1705 2044 doctrinae

207 2078 329 2129 fontes
367 2075 535 2127 penitius
578 2073 795 2125 inquirant,
843 2077 877 2111 et
925 2083 1108 2112 summam
1147 2073 1356 2124 suscipiant
1391 2073 1706 2118 sollicitudinem,

207 2160 254 2186 ne
291 2146 440 2199 quando
474 2144 597 2183 desint
635 2143 675 2182 in
715 2142 889 2183 Ecclesia
917 2142 1011 2186 viri,
1050 2141 1113 2194 qui
1141 2142 1316 2193 maqistri
1341 2147 1472 2193 partes
1501 2143 1602 2194 apud
1627 2144 1706 2194 ple,-

211 2217 292 2255 bem
330 2214 514 2254 sustinere
543 2216 690 2264 queant.
752 2210 886 2251 Omnes
916 2211 1028 2250 simul
1057 2223 1251 2250 sacrorum
1280 2211 1488 2256 antistites,
1527 2217 1710 2263 quatenus

211 2284 358 2323 verbi
399 2282 569 2321 divini
609 2281 865 2325 ministri,
905 2280 975 2319 Dei
1003 2280 1166 2319 vicarios
1195 2286 1331 2331 ayant,
1371 2281 1532 2332 adeoque
1560 2281 1709 2326 divina,

213 2366 286 2408 qna
320 2351 485 2393 investiti
524 2355 631 2394 sunt,
669 2350 892 2388 auctoritate
930 2349 1042 2401 fulti,
1080 2349 1332 2389 collectionem
1362 2362 1389 2389 s.
1420 2350 1545 2401 script.
1577 2350 1710 2389 consti-

215 2427 343 2467 tuant,
381 2426 491 2473 atque
518 2419 650 2459 ultimo
681 2419 758 2458 loco
787 2419 1027 2462 discernant,
1068 2430 1161 2471 qnae
1190 2430 1278 2457 vera
1308 2419 1356 2458 sit
1385 2431 1409 2457 a
1439 2419 1515 2458 Deo
1544 2420 1712 2458 revelata

216 2492 409 2536 doctrina,
446 2501 558 2542 quam
591 2487 693 2540 plebi
728 2488 901 2539 deinceps
938 2487 1170 2527 annuntiare
1207 2488 1339 2526 debent
1377 2492 1486 2540 atque
1523 2488 1714 2528 inculcare
1775 2480 1780 2484 ⁴

217 2567 497 2616 pastore54
542 2556 681 2604 Quodsi
716 2557 799 2609 quis
837 2557 937 2595 inter
974 2557 1124 2609 fideles,
1173 2569 1238 2595 suo
1276 2562 1398 2596 marte
1437 2561 1635 2609 satayens,
1673 2557 1715 2597 in

261 2743 300 2784 18)
331 2745 398 2777 cat.
425 2744 501 2777 cen.
523 2744 611 2776 Tom.
635 2743 728 2777 vm.
752 2754 782 2786 p.
807 2744 874 2777 252.

263 2799 303 2839 ¹⁹)
331 2800 417 2842 Confi
438 2800 501 2842 fid.
531 2811 561 2832 n.
591 2800 675 2832 Eccl.
709 2801 791 2833 Gall.
822 2799 908 2833 Tom.
934 2798 1026 2831 VIII.
1058 2799 1125 2831 95³.
1157 2800 1194 2832 cs.
1218 2799 1276 2847 Ep.
1301 2799 1346 2833 ad
1366 2798 1453 2833 Ball.
1483 2797 1610 2838 (HENRY
1634 2794 1717 2831 IIIb.

227 2855 303 2896 88),
325 2855 398 2888 adv.
420 2855 647 2888 Psendonicod.
672 2854 759 2887 Tom.
778 2854 871 2887 VIII.
894 2853 987 2889 44812.
1011 2854 1101 2890 Hom.
1127 2854 1163 2885 1³
1186 2854 1224 2886 de
1238 2853 1313 2896 fug).
1330 2853 1405 2885 idol.
1421 2852 1509 2889 Tom.
1532 2851 1627 2888 VIII.
1642 2851 1718 2885 461.

228 2911 320 2953 Res-p.
332 2912 441 2942 contra
456 2919 547 2945 P1G11.
559 2911 646 2943 Tom.
660 2911 752 2943 VIII.
766 2910 855 2944 120³.
881 2910 1004 2942 Scholia
1017 2909 1050 2941 iti
1066 2909 1148 2941 adm.
1174 2909 1271 2941 Pauli
1296 2916 1346 2940 111.
1367 2902 1455 2945 Toni,
1468 2906 1559 2944 V111.
1584 2916 1613 2949 p.
1631 2906 1721 2943 185³.
