1849 3239
841 97 891 136 89

120 235 222 271 tam,
254 240 330 265 non
364 235 515 267 tantum
550 228 701 267 Servcti
735 229 938 268 tristisima
972 230 1048 268 sata
1066 229 1115 279 8).
1146 229 1212 267 sed
1246 236 1286 267 ct
1319 228 1516 277 Caroli⁹)‚
1546 228 1612 266 Ca-

119 297 313 335 stellionis
331 296 399 348 10),
453 296 692 346 G1·uctii¹')‚
746 296 964 343 Bolseci12,
1010 298 1329 350 Blandrataew),
1383 297 1522 335 Ochini
1559 299 1611 344 4),

117 365 365 418 Gentilis¹⁵)‚
414 366 590 406 Gribaldi
608 366 656 417 16)
693 367 881 411 aliorum,
924 368 1042 406 nimis
1080 367 1306 406 luculenter
1345 379 1415 404 nos
1454 367 1611 405 docent.

117 434 318 478 pastores,
350 435 411 473 vel
443 447 544 474 unus
574 435 705 486 potius
735 434 919 473 Calvinus
950 448 971 473 e
1001 435 1178 487 tripode,
1218 434 1314 485 quid
1344 433 1610 478 credendum,

116 503 210 555 quid
250 503 502 542 sentiendum
541 510 664 548 esset,
704 504 912 555 imperiose
943 504 1129 542 dictabat.
1188 502 1337 548 Quodsi
1368 503 1431 541 vel
1461 503 1610 541 levissi-

114 585 176 611 ma
217 572 428 624 obreperet
466 573 635 624 suspicio
674 573 779 611 tueri
818 573 990 624 aliquem
1021 574 1248 625 opinionem
1279 584 1373 610 suac
1405 572 1609 610 doctrinae

113 643 373 686 contrariam,
412 654 491 681 non
522 643 647 680 amico
677 642 875 693 colloquio
905 642 954 680 de
985 643 1123 693 quavis
1153 655 1196 680 rc
1227 655 1248 681 e
1278 641 1401 680 verbo
1433 640 1503 679 Dei
1533 641 1609 679 dis·

113 718 253 764 putare
284 718 444 763 paratus
474 718 579 756 erat,
618 718 662 750 ut
692 712 755 751 vel
785 712 858 764 ipsi
890 711 1149 764 persuaderet
1180 710 1429 754 adversario,
1468 711 1531 749 vel
1561 710 1609 748 ab

112 793 160 834 eo
190 781 263 819 sibi
294 781 523 833 persuaderi
553 788 777 832 pateretur,
808 781 876 819 sed
906 782 1012 819 illico
1042 794 1134 820 reus
1156 794 1227 833 pro
1254 780 1489 819 consistorio
1515 780 1608 819 cita-

113 857 176 889 tus
212 851 357 889 acriter
392 849 681 901 castigabatur,
726 851 833 888 canis
877 850 1085 895 audiebat,
1124 850 1351 888 haereticus
1381 850 1444 887 vel
1475 849 1608 888 fatuus

110 919 439 971 compellabatur:
488 919 528 957 ni
574 920 754 964 cederet,
806 920 1058 972 magistratui
1101 921 1222 958 miser
1267 919 1515 961 traderetur,
1564 924 1608 956 ut

108 995 237 1027 morte
267 989 397 1027 lucret
426 988 642 1027 nefandum
672 1001 785 1028 suum
817 989 968 1028 crimen
986 988 1045 1041 17).
1103 988 1288 1040 Accedit,
1324 987 1429 1039 quod
1459 987 1607 1038 ubique

108 1057 148 1095 in
178 1058 339 1109 scriptis
364 1058 466 1102 suis,
506 1065 550 1096 ut
580 1071 696 1110 supra
726 1058 917 1103 vidimus,
953 1058 1159 1097 doctrinae
1190 1058 1230 1096 in
1261 1056 1435 1095 Ecclesia
1466 1057 1607 1108 prima-

106 1126 209 1164 rium
238 1127 369 1165 locum
399 1127 547 1166 diserte
578 1128 774 1180 assignat,
805 1134 845 1166 et
874 1128 915 1166 in
945 1128 1176 1180 disciplinae
1203 1140 1360 1179 quoque
1387 1139 1461 1165 usu
1487 1126 1607 1178 expli-

105 1194 232 1233 cando
275 1195 444 1234 totidem
488 1195 620 1234 verbis
664 1196 712 1234 ad
757 1196 981 1235 doctrinam
1026 1196 1153 1248 primo
1195 1208 1286 1234 euin
1325 1195 1472 1234 referat
1511 1195 1607 1233 loco.

105 1263 276 1303 Probare
295 1276 452 1316 quoque
474 1264 715 1303 sententiam
736 1271 913 1303 nostram
940 1265 1100 1303 videtur
1116 1264 1458 1303 Calvinisticarum
1477 1263 1607 1303 Eccle-

66 1330 69 1331 ’
103 1332 250 1371 siarum
279 1332 467 1377 historia,
504 1333 609 1372 unde
640 1333 847 1379 discimus,
878 1334 947 1373 diu
978 1334 1054 1372 iam
1084 1346 1239 1371 morum
1270 1333 1440 1385 rigidam
1470 1346 1607 1372 censu-

102 1415 186 1441 ram
226 1402 414 1441 abolitam
452 1402 574 1442 fuisse
615 1409 654 1442 et
693 1404 937 1455 neglectam,
982 1403 1078 1442 dum
1119 1410 1298 1455 serperet
1329 1403 1458 1442 adhuc
1488 1404 1607 1442 letale

103 1484 327 1517 venenum,
378 1485 455 1524 quo
504 1473 545 1511 in
590 1473 789 1525 plerisque
828 1473 1059 1525 regionibus
1104 1473 1181 1512 iam
1220 1473 1375 1512 interiit
1419 1472 1606 1512 Calvinis-

103 1554 207 1600 mus,
247 1548 286 1580 et
324 1541 365 1579 in
402 1540 532 1580 Scotia
564 1555 743 1594 quoquc,
788 1543 901 1587 alibi,
946 1543 1128 1582 interibit
1167 1543 1412 1587 necessarie,
1456 1543 1607 1582 cultum

104 1611 194 1650 volo
243 1610 488 1650 orthodoxae
541 1612 757 1651 doctrinae.
829 1611 1008 1664 Denique
1061 1613 1311 1664 disciplinam
1363 1611 1607 1651 Ecclesiasti-

105 1693 189 1719 cam
233 1680 438 1719 doctrinae
478 1681 611 1732 potius
656 1694 772 1734 quam
816 1682 994 1721 moribus
1039 1682 1306 1726 consuluisse,
1346 1682 1606 1733 rigidissima,

105 1763 181 1802 qua
206 1750 311 1802 exigi
336 1750 505 1796 solebat,
530 1751 632 1790 ratio
657 1752 765 1790 ultro
790 1751 904 1790 nobis
929 1751 1109 1791 affirmat.
1166 1751 1325 1791 Etenim
1349 1752 1606 1804 magistratus

111 1951 117 1954 '
139 1949 165 1990 ⁸)
189 1950 236 1982 De
264 1961 355 1982 causa
382 1950 519 1991 Servati,
542 1953 667 1993 praeter
698 1961 749 1991 ea,
775 1961 853 1993 quae
877 1959 1010 1989 HENRY,
1041 1960 1131 1983 DYER
1160 1953 1191 1982 et
1222 1955 1383 1983 STiiHELIN
1416 1950 1454 1983 de
1488 1953 1609 1985 Servetz'

102 2016 200 2038 causa
237 2005 474 2047 disputaverunt
512 2009 581 2048 post
616 2015 771 2038 mosfflfflu
806 2009 837 2038 et
876 2015 1060 2044 TRECHSEL,
1098 2007 1136 2038 cf.
1175 2015 1307 2038 RILLIET
1351 2016 1395 2039 DE
1431 2016 1606 2047 cANDOfflJ,

100 2061 247 2093 Relation
270 2060 313 2092 du
328 2059 442 2102 proces
460 2059 583 2092 ‘intente'
603 2059 623 2092 ιὶ
650 2059 771 2092 θεκὲυθ
794 2072 833 2092 en
857 2061 943 2092 1553
968 2064 1078 2093 contra
1100 2061 1197 2093 Mola.
1218 2062 1335 2093 Servet.
1360 2060 1483 2093 Geneve
1502 2063 1604 2100 1844;

102 2125 287 2153 MICHELET,
311 2116 359 2147 La
375 2115 458 2157 lique
477 2118 509 2147 et
523 2115 632 2158 Heury
650 2115 705 2148 IV.
722 2126 753 2157 p.
766 2116 830 2147 464
847 2127 908 2158 sq„
934 2124 1074 2148 MmNET.
1093 2117 1154 2148 Die
1171 2117 1373 2158 Einficssltrunq
1390 2117 1446 2148 der
1467 2117 1603 2158 Reform.

101 2170 167 2202 und
193 2171 243 2202 die
278 2171 418 2213 Ver-fase.
446 2170 501 2202 des
531 2171 649 2203 Calvin.
674 2182 713 2202 :u
746 2171 837 2213 Gens.
862 2172 936 2212 Lpz.
961 2171 1055 2202 1843.
1080 2171 1110 2203 S.
1137 2171 1199 2203 136
1223 2181 1267 2212 sq.
1302 2172 1332 2202 et
1356 2171 1491 2214 Anhauy
1514 2171 1548 2205 C.
1573 2173 1603 2204 S.

102 2227 293 2266 167—2313
319 2235 363 2258 DE
388 2235 563 2265 VALAYRE,
587 2228 771 2269 Frayments
800 2227 988 2269 historiques
1017 2237 1072 2258 sur
1094 2226 1191 2259 Mida.
1221 2227 1329 2258 Servet
1361 2226 1442 2257 dans
1471 2227 1517 2258 les
1546 2226 1602 2259 Le'-

94 2283 214 2324 qendes
246 2285 278 2314 et
314 2283 506 2325 Chroniques
542 2283 677 2314 Suisses.
707 2282 806 2313 Paris.
842 2282 943 2319 18423
983 2282 1126 2313 Bulletin
1156 2281 1195 2313 de
1225 2282 1259 2312 la
1289 2280 1412 2313 8002*th
1438 2281 1481 2313 du
1515 2282 1602 2315 Prot.

99 2338 212 2380 Franq.
237 2337 282 2370 II.
313 2349 344 2380 p.
370 2339 431 2370 141
459 2348 502 2380 sq.
534 2339 565 2368 et
598 2338 678 2376 341;
706 2346 736 2368 Ε.
762 2345 899 2367 SAISSET.
923 2336 1043 2368 Michel
1068 2337 1176 2368 Servet
1202 2338 1249 2367 ets
1272 2348 1292 2368 a
1315 2336 1470 2374 doctrine,
1497 2336 1603 2368 Revuc

102 2392 156 2423 des
191 2392 272 2424 deux
305 2393 441 2426 mondes.
473 2393 568 2424 1848.
599 2394 631 2424 et
660 2401 691 2425 E.
716 2392 860 2430 sommi,
888 2392 996 2423 Elude
1016 2402 1072 2422 sur
1096 2392 1125 2422 le
1142 2390 1256 2433 proces
1278 2391 1317 2423 de
1345 2392 1461 2424 Servat.
1486 2391 1602 2424 Strasb.

102 2447 197 2480 1853.
241 2447 288 2478 Cf.
318 2447 415 2479 etiam
443 2456 659 2479 BLUN'rscHLL
684 2458 711 2480 o.
739 2447 763 2478 l.
793 2447 858 2479 XV.
888 2457 918 2488 p.
951 2447 1024 2479 325.
1072 2445 1134 2488 Qui
1165 2447 1202 2478 ad
1231 2457 1330 2479 unum
1362 2456 1468 2478 omnes
1500 2446 1534 2477 in
1566 2456 1600 2477 eo

101 2502 318 2542 consentiunt,
353 2503 515 2534 Servetum
544 2501 711 2534 haereticis
738 2502 775 2533 de
799 2501 899 2533 causis
922 2500 1113 2543 approbante
1140 2500 1271 2532 Calvino
1296 2501 1499 2532 intersectum
1524 2510 1600 2533 esse.

100 2556 150 2587 An
173 2556 267 2588 etiam
289 2556 459 2599 instigante
483 2557 636 2589 Calvino?
668 2555 833 2598 Quodnam
861 2566 952 2598 porro
976 2556 1009 2587 in
1039 2566 1074 2586 ca
1101 2565 1135 2586 re
1168 2555 1322 2586 iudicium
1350 2555 1510 2593 serendum
1539 2556 1597 2593 sit,

99 2620 252 2652 exponere
272 2611 367 2643 huius
386 2612 448 2643 loci
466 2623 528 2644 non
552 2614 607 2644 est.
655 2612 745 2643 Certe
769 2620 873 2642 DYERI
893 2610 1047 2642 sententia
1071 2611 1110 2650 (o.
1127 2609 1149 2641 l.
1171 2621 1200 2651 p.
1226 2610 1301 2649 316)
1326 2609 1404 2640 mihi
1426 2609 1601 2652 plurimum

99 2665 231 2703 arridet,
263 2667 317 2707 qui
350 2665 387 2697 ad
419 2667 559 2699 Viennae
586 2670 743 2710 peractam
770 2676 894 2698 causam
923 2666 1022 2697 denuo
1052 2676 1108 2696 nos
1138 2667 1272 2697 revocat.
1319 2663 1406 2706 Quae
1439 2667 1599 2696 ST‘zinELIN

33 2746 37 2750 Α
99 2719 136 2751 de
163 2730 270 2751 caussa
293 2721 471 2752 Viennense
495 2721 622 2763 scripsit
644 2732 672 2755 0.
696 2721 718 2753 l.
743 2722 772 2753 S.
797 2721 861 2752 436
886 2731 930 2762 sq.
953 2720 1190 2762 panegyristam
1214 2719 1310 2751 nimis
1334 2719 1486 2752 redolent.

153 2775 177 2814 ⁹)
204 2774 252 2808 Cf.
276 2784 374 2807 DYER.
402 2776 470 2809 o.1.
495 2776 635 2809 66—69.
770 2775 809 2816 l0)
834 2775 882 2807 Ib.
905 2785 937 2816 p.
963 2775 1025 2806 168
1050 2785 1094 2816 sq.
1230 2774 1269 2814 11)
1295 2773 1342 2806 Ib.
1368 2774 1552 2811 214—217.

139 2830 178 2871 ¹2)
205 2830 252 2862 Ib.
277 2841 307 2872 p.
332 2829 405 2863 270,
541 2831 580 2871 l³)
605 2830 651 2865 Ib.
676 2831 751 2863 449.
886 2830 926 2870 ¹4)
952 2830 998 2862 Ib.
1025 2830 1088 2861 349
1112 2830 1144 2861 et
1167 2829 1242 2861 446.

139 2884 178 2925 ¹5)
205 2885 251 2916 Ib.
276 2886 461 2919 451—453.
597 2887 636 2927 ¹⁶)
662 2887 709 2919 Ib.
734 2887 808 2918 446.

139 2941 180 2982 17)
204 2950 419 2976 BLUNTSCHLI.
437 2953 464 2976 0.
476 2942 497 2976 l.
517 2942 584 2975 XV.
606 2953 637 2985 p.
654 2943 733 2982 3213
757 2951 1002 2975 BAUDRILLART.
1019 2952 1046 2975 o.
1059 2941 1080 2974 1.
1097 2952 1127 2984 p.
1146 2941 1198 2973 33.
1215 2943 1246 2973 et
1262 2950 1361 2973 nrm.
1385 2952 1412 2974 o.
1426 2940 1447 2974 1.
1473 2953 1503 2984 p.
1520 2941 1594 2974 215.
