1849 3239
848 82 926 121 173

607 244 883 285 CONCLUSIO
913 245 1091 285 PARTIS
1120 244 1154 284 II
1165 277 1174 291 ‚

346 377 413 408 QUA
438 378 538 402 BREVI
562 379 584 403 1.
608 379 628 401 A
653 378 752 402 LAsco
777 379 821 401 DE
845 379 999 402 ECCLESIA
1022 378 1207 401 SENTENTIA
1230 378 1434 402 EXPONITUR.

197 493 370 533 Ecclesia
409 495 456 533 ab
493 494 602 533 initio
638 494 770 534 mundi
803 495 953 534 condita
991 499 1024 533 et
1062 494 1233 533 universo
1262 493 1480 533 mortalium
1506 495 1635 543 qeneri

143 564 351 609 destinata,
385 578 472 604 mosc
514 564 723 603 Abrahami
765 564 898 603 semini
931 563 1116 609 inhaesit,
1154 568 1263 616 atque
1295 563 1336 601 in
1368 562 1633 601 Israelitarum

142 633 314 686 deinceps
351 635 501 673 natione
530 633 677 673 inclusa
706 638 778 678 est,
807 633 921 672 donec
946 646 1016 684 per
1048 632 1189 671 Christi
1217 632 1257 671 in
1287 631 1399 670 terris
1427 631 1631 683 apparitio-

141 715 224 741 nem
265 704 358 742 laete
394 716 529 743 rursus
566 703 607 741 in
643 703 858 741 universum
887 701 1092 741 humanam
1119 714 1237 752 gyenus
1266 701 1404 753 erupit,
1433 705 1466 739 et
1496 701 1634 739 mirum

141 771 182 819 in
209 772 357 811 modum
385 772 601 811 instaurata
631 776 683 810 est
712 777 821 823 atque
848 772 1036 810 innovata.
1095 770 1165 809 Est
1195 770 1368 809 Ecclesia
1396 774 1537 809 natura
1562 781 1632 809 sua

142 839 260 879 libera
289 853 334 879 ac
362 841 538 891 fraterna
567 841 723 880 societas
751 841 821 879 Dei
852 841 1071 885 liberorum,
1101 840 1207 892 (qnos
1239 839 1379 878 Christi
1408 838 1563 890 spiritus
1591 839 1632 877 in

140 909 325 949 charitate
365 909 583 950 Christiana
617 910 826 961 arctissime
854 910 1054 962 coadunat)
1084 921 1177 961 qnae
1206 909 1273 947 hoc
1303 909 1374 947 sibi
1398 908 1631 960 propositum

139 977 249 1017 habet
287 979 502 1024 consilium,
539 984 581 1018 nt
617 979 830 1018 universum
867 979 1084 1018 mortalium
1112 991 1229 1028 ,qenus
1259 978 1547 1016 Ecclesiasticae
1575 990 1629 1016 so·

137 1045 282 1085 cietatis
320 1046 573 1085 communione
610 1047 687 1085 veri
717 1046 871 1098 bonique
900 1058 1025 1084 amore
1054 1046 1215 1090 imbuat,
1240 1046 1424 1097 perducat
1452 1046 1501 1084 ad
1534 1045 1629 1084 San-

137 1115 369 1160 ctimoniam‚
399 1121 432 1154 et
462 1116 514 1155 sic
542 1116 688 1154 demum
717 1120 872 1153 aeterna
901 1115 1106 1167 aliquando
1137 1115 1212 1154 beet
1237 1115 1366 1153 salute.
1416 1116 1517 1161 Quae
1541 1114 1630 1153 olim

135 1184 253 1235 iqitnr
283 1189 431 1229 sancta,
469 1197 548 1223 una
577 1191 686 1236 atque
714 1184 901 1222 catholica
931 1196 1089 1223 evasura
1119 1188 1171 1223 est
1200 1184 1393 1228 Ecclesia,
1423 1183 1446 1222 i.
1478 1197 1505 1222 e.
1536 1195 1630 1235 quae

135 1265 261 1292 omnes
290 1253 403 1292 simul
431 1253 634 1305 aliquando
664 1257 853 1292 terrarum
881 1258 1007 1304 gyentes
1035 1253 1221 1292 indivulso
1251 1252 1392 1291 amoris
1419 1252 1565 1291 vinculo
1589 1253 1630 1291 in

77 1315 80 1317 Α
133 1322 231 1360 vitae
273 1323 470 1361 sanctitate
507 1323 637 1362 intime
674 1322 918 1367 consociabit,
957 1322 1121 1361 nondam
1155 1322 1365 1373 perfectam
1393 1335 1502 1361 snum
1530 1333 1629 1361 asse-

134 1396 240 1436 cuta,
278 1390 379 1429 omni
414 1391 450 1429 vi
487 1396 596 1442 atque
632 1390 771 1442 impetn
809 1390 1006 1435 innititur,
1045 1395 1154 1441 atque
1191 1390 1307 1429 tendit
1345 1390 1551 1440 indefesse,
1588 1394 1630 1428 ut

132 1460 255 1511 maqis
293 1460 333 1498 in
371 1460 451 1498 dies
487 1472 566 1498 nna
603 1461 689 1512 fiat,
728 1465 860 1498 sancta
895 1464 927 1498 et
967 1459 1162 1499 catholica.
1219 1459 1422 1499 Hominum
1457 1459 1498 1498 in
1528 1459 1629 1498 hisce

134 1528 392 1568 conaminibus
434 1528 574 1567 Christi
611 1528 741 1567 divina
775 1529 944 1580 potentia
974 1529 1159 1573 sucurrit,
1189 1529 1251 1580 qni
1282 1529 1418 1580 spiritu
1447 1541 1512 1567 suo
1541 1540 1639 1569 saw.

134 1583 297 1635 ctissimo
335 1595 528 1634 Ecclesiae
561 1601 731 1647 praeest.
761 1596 856 1647 regyit
890 1597 1046 1635 eandem
1074 1601 1182 1648 atque
1207 1597 1356 1649 perficit
1385 1601 1419 1636 et
1447 1598 1626 1637 emendat.

139 1665 211 1704 Sed
237 1665 346 1704 habet
371 1671 492 1704 tamen
516 1665 685 1704 Ecclesia
710 1665 751 1703 in
776 1678 813 1704 se
837 1678 996 1717 quoqne,
1026 1678 1095 1717 quo
1116 1672 1295 1717 propaget
1320 1674 1360 1704 se
1379 1671 1488 1717 atque
1504 1672 1626 1706 ecten-

135 1735 201 1773 dat
238 1735 417 1779 ulterius,
456 1735 489 1773 si
527 1747 574 1774 sc.
612 1734 701 1774 socii
739 1734 894 1773 invicem
927 1735 999 1774 sibi
1029 1735 1241 1774 adiumento
1271 1748 1348 1774 esse
1377 1735 1490 1774 velint
1520 1741 1628 1788 atque

135 1804 321 1854 exemplo,
352 1809 384 1842 ct
413 1809 490 1843 tam
517 1805 614 1843 vitae
643 1805 858 1848 sanctitate,
887 1817 999 1856 qnam
1028 1805 1171 1844 amoris
1197 1810 1327 1844 mutua
1342 1797 1627 1856 praestatione,

134 1878 175 1910 nt
203 1878 236 1910 et
265 1872 457 1922 indefessa
490 1872 631 1911 Christi
659 1873 904 1923 consessione,
935 1873 1083 1924 crispant
1110 1874 1347 1927 seinvicem,
1379 1875 1548 1913 adlevent
1573 1879 1627 1913 at-

134 1953 202 1992 que
230 1941 389 1980 excitent
418 1942 515 1980 alios
544 1943 635 1987 alii,
664 1947 704 1981 ut
728 1943 887 1993 propius
916 1943 956 1981 in
985 1943 1065 1982 dies
1095 1944 1144 1981 ad
1164 1943 1470 1994 persectitndtnis
1492 1948 1628 1982 metam

132 2010 361 2061 perveniant.
419 2011 539 2050 Habet
576 2024 716 2063 quoque
755 2011 926 2050 Ecclesia
965 2011 1171 2062 Euanqelii
1205 2012 1523 2063 praedicationem
1557 2013 1629 2052 sibi

136 2079 387 2122 commissam,
418 2079 527 2117 habet
556 2091 696 2130 quoque
724 2091 749 2117 a
776 2078 923 2118 Christo
948 2079 1142 2119 institutas
1166 2092 1297 2119 sacras
1321 2080 1505 2126 actiones,
1534 2093 1628 2133 qnae

136 2149 186 2186 ad
203 2148 319 2187 Deum
334 2161 396 2187 cor
411 2149 560 2199 eritqunt
571 2180 580 2193 ,
596 2153 629 2187 et
645 2149 878 2187 solemnitate
894 2161 962 2187 sua
978 2154 1154 2200 operante
1169 2163 1220 2200 sp.
1239 2153 1312 2188 seto
1324 2154 1493 2201 potenter
1508 2150 1625 2189 inser-

136 2217 239 2256 viunt
255 2223 404 2256 nostrae
420 2230 502 2256 cum
525 2216 671 2256 Christo
688 2217 952 2262 communioni,
977 2230 1087 2270 quam
1111 2223 1144 2256 et
1156 2231 1284 2269 preces
1298 2219 1528 2257 unanimiter
1543 2231 1625 2258 con-

137 2291 278 2338 ceptae,
299 2291 332 2325 et
348 2287 480 2337 hymni
495 2287 541 2325 ab
557 2287 726 2326 omnibus
742 2287 854 2326 simul
869 2287 1059 2326 decantati
1075 2287 1266 2326 instillant
1281 2292 1389 2339 atque
1399 2293 1624 2339 promovent.

136 2354 304 2406 Denique
330 2355 500 2395 Ecclesia
515 2356 719 2408 disciplina
734 2369 803 2395 sua
817 2357 946 2401 utitur,
968 2360 1092 2408 (quam
1116 2369 1240 2396 omnes
1260 2357 1408 2408 pariter
1434 2357 1626 2397 Ecclesiae

138 2424 246 2469 socii,
276 2425 357 2463 sine
385 2425 467 2463 ulla
497 2425 707 2476 cuiuspiam
736 2425 946 2476 exceptione
975 2426 1175 2478 exercent),
1205 2438 1278 2477 qna
1302 2433 1505 2477 compescat
1529 2427 1626 2479 quod

134 2506 294 2545 pravum
332 2498 385 2532 est
422 2499 529 2546 atque
567 2495 686 2547 officit
724 2494 864 2539 decori,
902 2506 926 2533 a
962 2494 1097 2533 vilibus
1127 2494 1312 2533 contineat
1341 2495 1476 2540 alium,
1507 2496 1626 2535 alium

138 2575 184 2601 ne
211 2563 345 2601 iterum
370 2568 512 2614 peccet,
537 2563 680 2614 pudore
709 2563 905 2614 suffundat
938 2576 1129 2615 poenaque
1162 2564 1347 2602 deterreat
1371 2565 1537 2609 amalo,
1567 2577 1627 2604 eos

138 2632 295 2683 denique
323 2644 347 2670 a
377 2632 547 2672 societate
577 2646 646 2672 sua
684 2639 862 2672 semoveat
895 2646 965 2684 pro
1004 2638 1178 2685 tempore,
1218 2634 1350 2685 quibus
1387 2633 1487 2673 nihil
1520 2645 1626 2672 sanc-

140 2704 217 2739 tum
255 2705 308 2739 est
347 2714 413 2740 nec
451 2702 654 2741 honestum.
714 2701 847 2741 Omnes
881 2715 996 2753 porro
1030 2703 1071 2740 in
1106 2701 1278 2741 Ecclesia
1318 2703 1406 2741 socii
1445 2703 1628 2754 adscripti

135 2781 250 2821 pares
287 2775 371 2809 sunt
409 2770 505 2809 inter
539 2784 576 2809 se
605 2771 797 2822 eodemque
824 2782 980 2820 prorsas
1010 2770 1084 2808 loco
1115 2769 1277 2808 habendi
1290 2784 1303 2814 ,·
1334 2774 1366 2808 et
1395 2770 1626 2821 quemadmo-

139 2838 228 2877 dum
264 2851 388 2878 omnes
416 2840 559 2878 talenta
588 2839 658 2878 sibi
687 2839 898 2878 concredita
926 2838 966 2877 in
995 2850 1221 2876 communem
1250 2836 1442 2876 Ecclesiae
1469 2839 1627 2878 salutem

141 2907 338 2957 foenerare
366 2907 512 2952 debent,
543 2908 615 2946 sive
640 2919 764 2959 pauca
792 2908 867 2946 sint
896 2919 960 2952 ea,
991 2908 1063 2946 sive
1090 2907 1230 2952 multa,
1259 2906 1312 2946 sic
1341 2920 1466 2946 omnes
1489 2921 1628 2960 quoque
