1849 3239
940 106 1018 144 180

222 241 342 281 clesia
371 247 514 281 natura
540 254 609 280 sua
635 240 837 280 Catholica
862 246 943 284 est,
974 240 1058 279 sive
1083 237 1343 282 universalis,
1372 238 1517 290 quippe
1544 238 1731 279 universo

224 310 401 351 humano
430 311 569 363 generi
600 310 810 349 destinata.

398 449 426 502 ς
455 449 490 488 3.
548 448 603 487 De
630 447 692 487 via
722 459 767 486 ac
794 447 962 492 ratione,
993 447 1127 498 quibus
1156 446 1331 485 Ecclesia
1360 449 1548 498 operatur.

275 586 481 631 Calvinus,
511 587 579 637 qui
610 592 817 625 externam
849 584 1046 624 Ecclesiae
1082 585 1288 623 notionem
1318 596 1559 635 magnopere
1589 591 1727 635 urget,

217 655 347 694 media
373 668 552 707 quoque,
584 668 754 707 quorum
785 667 858 693 usu
886 654 1166 706 progrediatur
1191 653 1386 697 Ecclesia,
1417 653 1614 704 faciatque
1639 665 1726 704 pro-

217 736 377 776 gressus
414 737 540 775 usque
580 725 629 763 ad
668 732 831 768 metam,
872 730 1029 762 tantum
1069 735 1149 761 non
1180 723 1296 761 unice
1327 728 1493 760 externa
1523 733 1608 759 esse
1638 734 1726 759 cen-

215 794 305 831 suit.
364 792 617 833 Contrarium
657 794 762 845 apud
800 794 821 830 a
852 792 974 831 Lasco
1005 792 1131 837 valet,
1169 792 1235 842 qui
1266 791 1341 829 etsi
1372 798 1537 828 externa
1568 802 1726 841 quoque

213 862 454 900 adminicula
494 874 566 900 suo
605 862 789 900 aestimet
829 861 936 904 loco,
977 866 1016 898 et
1056 872 1250 898 summam
1290 860 1339 897 de
1376 859 1535 910 integro
1564 858 1725 897 illorum

213 938 319 970 statu
345 932 532 984 suscipiat
558 931 889 974 sollicitudinem,
918 930 1117 983 internam
1144 936 1278 967 tamen
1311 942 1354 967 ae
1384 928 1631 980 spiritualem
1661 940 1725 979 po-

212 1001 293 1039 tius
332 999 530 1039 Ecclesiae
571 1001 747 1039 indolem
786 1000 952 1051 premit,
993 999 1172 1050 adeoque
1208 999 1257 1037 ad
1287 999 1445 1036 interna
1477 998 1724 1049 potissimum

211 1082 255 1107 ae
280 1070 501 1120 spiritualia
526 1068 726 1107 Ecclesiae
753 1069 856 1107 dona
883 1068 1075 1113 recurrit,
1105 1067 1193 1119 fieri
1221 1079 1300 1105 non
1327 1079 1438 1118 posse
1466 1073 1596 1110 ratus,
1627 1067 1724 1117 quin

211 1139 378 1177 candida
416 1151 573 1177 morum
613 1138 802 1177 honestas
841 1138 938 1176 alios
979 1150 1136 1188 quoque
1186 1137 1332 1175 alliciat
1378 1137 1662 1187 deterreatque
1702 1149 1723 1174 a

208 1208 333 1252 male,
365 1208 461 1259 quin
492 1208 629 1246 sedula
661 1208 805 1246 amoris
836 1207 1052 1258 praestatio
1082 1212 1268 1244 mutuum
1298 1218 1473 1244 amorem
1498 1205 1722 1248 necessarie

209 1285 420 1328 provocet,
447 1285 567 1328 atque
593 1278 741 1315 excitet
767 1283 966 1327 potenter,
998 1276 1094 1326 quin
1120 1277 1352 1314 inconcussa
1379 1275 1552 1325 denique
1575 1273 1721 1312 Christi

208 1346 402 1384 confessio
442 1347 608 1389 eximia,
639 1359 756 1397 quam
796 1345 947 1396 prodit,
987 1345 1117 1382 animi«
1148 1344 1385 1382 fortitudine
1426 1343 1522 1381 alios
1562 1355 1721 1393 quoque

209 1416 338 1467 rapiat
374 1416 413 1453 in
445 1416 751 1453 admirationem
790 1414 1016 1466 religionis,
1055 1426 1156 1464 quae
1188 1413 1287 1451 tales
1317 1413 1456 1463 gignat
1486 1418 1724 1455 sectatores,

163 1538 169 1543 ἡ
212 1492 374 1536 tamque
405 1485 626 1536 intrepidos
667 1497 734 1523 eos
778 1484 896 1522 saciat
942 1483 991 1522 ad
1035 1483 1210 1534 pericula
1251 1481 1469 1520 subeunda.
1528 1480 1587 1518 Ad
1625 1479 1725 1518 haee

211 1555 347 1605 itaque
387 1554 518 1592 media
559 1566 652 1605 prae
699 1553 843 1591 ceteris
893 1565 966 1590 nos
1007 1551 1193 1590 amandat
1233 1553 1253 1589 a
1293 1549 1437 1595 Lasco,
1476 1562 1552 1601 qua
1596 1549 1637 1587 in
1681 1560 1724 1586 re

209 1623 364 1674 ingenti
401 1636 494 1661 sane
535 1623 776 1661 discriminis
816 1622 943 1673 spatio
988 1635 1009 1659 a
1050 1620 1212 1659 Calvino
1251 1620 1390 1663 distat,
1435 1621 1622 1671 quoniam
1660 1631 1726 1664 ea,

210 1705 309 1742 quae
354 1691 649 1735 recensuimus,
694 1690 894 1729 Ecclesiae
941 1690 1180 1728 adminicula
1227 1689 1304 1728 hoc
1356 1702 1513 1740 quoque
1567 1689 1725 1740 privum

208 1761 282 1799 sibi
318 1761 469 1799 habent
506 1768 624 1812 atque
666 1761 890 1812 proprium,
930 1760 1036 1810 quod
1074 1772 1168 1797 usus
1208 1771 1346 1797 eorum
1385 1771 1465 1796 non
1505 1759 1553 1797 ad
1594 1765 1724 1797 certos

209 1831 424 1882 quosdam,
464 1830 720 1882 peculiariter
765 1829 813 1868 ad
863 1829 899 1867 id
943 1816 1193 1880 designatos,
1242 1829 1461 1880 pertineat,
1511 1828 1578 1867 sed
1628 1840 1724 1867 vero

212 1900 261 1938 ad
301 1912 437 1938 omnes
477 1900 721 1951 promiscue,
762 1899 829 1949 qui
870 1899 910 1936 in
952 1897 1127 1936 Ecclesia
1163 1899 1364 1936 societatis
1395 1898 1482 1936 iure
1522 1898 1722 1936 fruuntur.

211 1968 357 2007 Contra
403 1968 609 2013 Calvinus,
654 1969 721 2019 qui
767 1968 997 2005 institutum
1042 1967 1173 2018 potius
1217 1966 1433 2005 Ecclesiam
1477 1966 1618 2004 habuit
1658 1978 1723 2003 ex-

210 2039 407 2077 trinsecus
456 2052 476 2077 a
527 2037 608 2076 Deo
661 2037 776 2075 nobis
824 2036 1075 2088 impositum,
1119 2036 1168 2074 ad
1212 2036 1435 2074 istiusmodi
1480 2036 1596 2073 unice
1640 2035 1723 2073 sere

209 2120 281 2146 nos
312 2115 472 2146 revocat
503 2105 703 2145 Ecclesiae
734 2105 1012 2157 propagandae
1044 2105 1300 2148 adminicula,
1340 2117 1441 2155 quae
1471 2110 1614 2142 natura
1654 2116 1724 2142 sua

210 2184 378 2215 externa
427 2177 560 2228 potius
603 2175 787 2214 habenda
833 2182 947 2218 sunt,
991 2174 1039 2213 ad
1084 2174 1196 2213 verbi
1241 2187 1290 2212 sc.
1335 2174 1621 2218 ministerium,
1665 2185 1724 2211 5ο-

209 2247 384 2285 lemnem
423 2246 567 2284 summi
607 2245 784 2283 numinis
824 2245 997 2288 cultum,
1038 2250 1376 2282 sacramentorum
1416 2243 1724 2281 administratio-

209 2328 302 2355 nem
341 2322 382 2354 et
421 2315 653 2367 disciplinae
694 2314 993 2353 Ecclesiasticae
1034 2326 1171 2358 usum,
1210 2326 1311 2364 quae
1351 2314 1392 2350 in
1422 2311 1533 2351 Lasci
1564 2324 1723 2363 quoque

215 2384 501 2436 Ecclesiologia
533 2392 722 2436 tanquam
753 2391 918 2422 externa
950 2384 999 2421 ad
1029 2384 1196 2421 salutem
1226 2383 1357 2421 media
1382 2388 1724 2420 recensentur.—

213 2452 390 2493 Verhum
420 2454 546 2505 igitur
575 2454 756 2492 divinum
787 2453 944 2490 assidue
976 2453 1194 2503 praedicari
1220 2451 1333 2490 iubet
1359 2450 1564 2494 Calvinus,
1595 2450 1750 2501 quod„

214 2523 255 2561 in
287 2536 396 2562 sacra
427 2523 620 2574 scriptura
652 2521 926 2563 reconditum,
956 2528 1066 2573 patet
1091 2522 1324 2572 unicuique;
1356 2521 1586 2559 annuntiari
1612 2520 1723 2558 iubet

212 2593 356 2645 populo
373 2593 596 2631 doctrinam
616 2599 695 2630 tam
713 2591 881 2635 veteris,
909 2604 1026 2641 quam
1044 2591 1136 2629 novi
1154 2590 1420 2633 Testamenti,
1447 2590 1553 2641 qoud
1570 2596 1725 2627 utrum-

213 2675 290 2714 que
308 2663 449 2701 eodem
466 2674 627 2714 prorsus
643 2662 729 2699 loco
745 2660 888 2705 habet,
911 2667 1100 2711 tantaque
1117 2660 1375 2699 veneratione
1393 2660 1658 2711 prosequitur,
1680 2665 1724 2696 ut

213 2731 431 2783 quamlibet
470 2731 596 2769 totius
636 2730 790 2769 Codicis
826 2730 1145 2768 enuntiationem
1186 2730 1311 2767 veluti
1343 2730 1549 2768 classicum
1580 2733 1723 2767 testein

212 2801 336 2839 citare
367 2801 479 2839 solet.
539 2799 653 2845 Quod
684 2800 795 2851 peius
825 2806 976 2843 autem,
1012 2811 1145 2837 sacrae
1176 2799 1396 2850 scripturae
1427 2798 1631 2836 doctrinae
1663 2810 1723 2835 su-

216 2882 277 2908 am
309 2882 400 2908 mox
432 2869 555 2920 ipsius
583 2869 880 2919 Ecclesiaeque,
912 2881 1028 2919 quam
1055 2868 1256 2911 condidit,
1287 2868 1508 2905 doctrinam
1534 2867 1724 2905 audacter

215 2938 444 2982 substituit,
475 2945 514 2976 et
541 2937 854 2981 Catechismum,
881 2950 960 2988 quo
986 2938 1052 2975 illa
1078 2929 1367 2988 exponebatur,
1394 2936 1541 2987 absque
1559 2947 1586 2974 5.
1603 2935 1722 2985 serip-
