1879 3239
258 93 296 120 VI

259 215 518 271 necessitates
571 220 612 252 et
664 213 855 266 temporis
905 213 1071 252 rationis
1118 213 1289 265 impetus
1341 211 1421 250 vim
1469 223 1579 251 suam
1626 212 1758 250 minus

258 295 443 322 exercere
495 283 625 321 solent
677 282 718 321 in
770 295 858 327 eos,
911 282 978 333 qui
1031 295 1051 320 a
1096 294 1213 321 scena
1255 281 1489 319 remotiores
1532 280 1758 333 expeditius

258 352 432 391 indolem
484 364 595 391 suam
648 351 845 403 explicare
897 357 1072 402 possunt.
1144 349 1225 389 Hae
1277 351 1339 389 via
1392 361 1464 388 nos
1512 362 1669 401 quoquc
1717 350 1758 388 in

258 422 431 473 genuina
483 419 801 460 Protestantismi
874 419 923 458 de
977 419 1150 459 Ecclesia
1205 409 1403 458 sententia
1452 419 1765 470 pervestiganda.

257 491 474 542 progressi,
513 490 698 542 quoniam
737 489 843 526 inter
882 487 1175 528 Reformatorcs
1215 500 1331 527 nemo
1368 487 1465 531 suit,
1505 487 1572 539 qui
1607 488 1758 540 privam

257 558 575 598 Protestantismi
613 559 654 596 in
690 556 887 595 Ecclesiae
917 558 1078 596 notione
1108 556 1385 596 constituenda
1415 555 1590 594 indolem
1618 556 1760 594 melius

256 628 424 674 reserat,
455 639 570 678 quam
600 627 621 664 ἐι
651 623 795 668 Laseo,
823 636 941 663 nemo
966 631 1104 663 contra
1130 624 1179 663 ad
1204 623 1403 662 Romanae
1429 621 1628 663 Ecclesiae
1653 625 1758 676 prin-

256 697 355 748 cipia
394 696 553 736 Calvino
592 695 754 747 propius
783 693 971 738 redierit,
999 694 1048 732 de
1079 694 1275 732 industria
1304 693 1455 732 Calvini
1486 691 1678 745 Lasciquc
1709 693 1757 732 de

255 764 428 804 Ecclesia
457 764 677 804 sententias
706 764 813 802 inter
842 775 927 801 sese
957 775 1194 814 componere
1223 764 1355 802 conati
1384 775 1529 802 sumus.

309 833 413 872 Haec
455 834 538 873 fere
574 839 688 877 sunt,
727 845 828 883 quae
863 832 912 870 dc
952 832 1117 870 consilio
1155 838 1313 877 nostro,
1353 832 1481 883 deque
1512 832 1755 885 argumenti,

254 902 360 953 quod
399 909 633 946 tractamus,
670 907 873 940 momento
909 901 1201 952 praemonenda
1231 907 1356 939 erant.
1414 899 1517 945 Quid
1547 901 1758 953 profeceri-

254 983 339 1010 mus
368 972 483 1022 aequi
513 971 734 1010 diiudicent
760 982 804 1008 ac
833 970 1015 1010 benevoli
1041 970 1211 1016 lectores
1227 970 1267 1024 ⁹).

292 1178 316 1218 9)
341 1178 530 1221 Nuperrime
554 1178 588 1209 in
619 1176 721 1208 lucem
745 1187 825 1209 nova
853 1176 977 1208 Calvini
1004 1175 1123 1219 prodiit
1149 1175 1355 1217 Biographia:
1405 1175 1531 1214 Calvin,
1560 1186 1597 1207 sa
1625 1176 1673 1207 vie
1698 1185 1754 1207 son

254 1244 368 1266 ocum-e
401 1236 432 1265 et
461 1245 510 1265 ses
534 1232 628 1265 ἔσνῖίε
654 1242 710 1274 par
740 1233 839 1263 FELIX
862 1240 1056 1264 BUNGENER.
1081 1231 1182 1263 Paris.
1208 1230 1311 1268 1862;
1343 1240 1420 1272 quae
1446 1232 1551 1261 tamen
1566 1230 1664 1274 ‚nihil
1695 1241 1758 1261 om-

253 1289 345 1328 nino,
370 1288 450 1331 quod
480 1287 585 1326 doleo,
609 1287 699 1318 nobis
728 1284 1025 1329 prodessepotuit,
1049 1286 1196 1328 quoniam
1223 1285 1324 1317 omnis
1354 1285 1416 1316 iam
1443 1284 1623 1327 disquisitio
1651 1287 1756 1317 nostra

254 1343 342 1385 prelo
369 1341 522 1374 submissa
544 1344 622 1374 erat.
