1849 3239
795 112 871 151 145

82 248 140 286 »si
181 251 246 285 aut
279 245 476 298 flagitium
505 247 632 298 ipsum
662 246 717 284 ita
747 247 824 285 iam
854 246 1048 289 innotuit,
1077 250 1122 282 ut
1152 243 1270 281 celari
1301 242 1377 280 iam
1407 243 1573 292 amplius

80 328 189 354 »non
229 317 370 367 possit,
411 320 476 354 scut
512 315 720 354 manifesta
751 322 1001 366 contemptus
1031 313 1174 352 indicia
1197 309 1571 362 adspiciantur22).''

79 384 319 435 Ceteroquin
360 386 516 423 nonnisi
552 397 615 423 res
645 385 798 423 delatae
829 398 849 422 a
881 383 1102 422 ministerio
1133 380 1297 419 iudicari
1327 379 1495 421 debent,
1525 390 1571 415 eo

79 460 211 492 tamen
242 461 375 504 pacto,
406 461 450 492 ut
480 454 704 492 »accusatio
734 454 892 491 nonnisi
923 452 995 490 sub
1025 451 1134 503 gravi
1165 457 1205 488 ct
1235 448 1312 488 fide
1343 447 1465 498 digno
1496 453 1570 484 tes-

77 523 274 561 »timonio
291 523 359 562 ssat
376 523 462 575 1-’3).”
495 523 568 561 Ubi
591 529 722 561 autem
740 535 802 560 res
818 522 947 560 delata
965 528 1022 559 est
1037 551 1045 564 ‚
1070 520 1183 558 citari
1209 530 1301 557 reus
1321 524 1361 555 et
1392 516 1461 553 »in
1488 515 1569 565 ipso

76 608 92 624 n
106 598 224 630 coetu
241 593 442 630 seniorum
458 591 530 630 sub
547 591 624 629 fide
642 591 790 629 silentii
807 589 1045 642 reprehendi
1063 588 1328 639 redarguique
1345 585 1464 624 debet
1476 583 1568 635 ²²);⁷'

74 660 220 699 deinde
262 662 425 712 »agnita
462 660 611 712 peccati
651 661 710 698 sui
749 660 861 711 culpa
893 660 999 697 illam
1031 659 1091 696 vcl
1122 656 1225 708 apud
1256 662 1413 694 coetum
1443 654 1568 704 ipsum

74 727 301 768 »Ecclesiae
327 729 423 782 25),”
469 731 530 769 vel
574 729 706 781 »apud
751 736 908 767 coetum
950 728 1223 766 ministrorum
1268 721 1569 776 deprccari²⁶).'’

74 797 147 846 Ubi
178 806 315 837 contra
346 799 528 850 »culpam
559 811 668 837 snam
698 811 826 849 neque
858 809 1087 849 agnoscere,
1117 807 1247 846 neque
1277 791 1481 844 deprecari
1506 801 1569 827 vc-

74 867 166 908 »lit,
205 868 377 906 ministri
417 874 457 906 et
492 868 668 905 seniores
698 865 898 904 Ecclesiae
929 865 1241 917 progrediuntur
1271 874 1394 913 usquc
1426 859 1474 898 ad
1505 870 1568 896 ex-

75 935 499 973 »communicationem
516 935 611 987 2⁷);’⁷
652 947 727 985 qua
758 935 798 972 in
827 946 870 972 re
902 941 1033 971 tamen
1071 944 1200 970 moras
1229 938 1389 969 nectere
1420 928 1568 967 debent

72 1003 245 1042 ministri
275 1017 318 1042 ac
348 1003 449 1042 nihil
478 1004 672 1042 intactum
702 1003 951 1053 relinquere,
981 1015 1029 1040 an
1055 1001 1157 1039 sort-e
1183 1000 1232 1038 ad
1257 997 1569 1050 resipiscentiam

73 1073 289 1123 perducere
333 1085 444 1111 rcum
495 1079 642 1123 queant
667 1072 723 1123 ²⁸).
782 1058 856 1115 Qui
902 1077 1034 1108 autem
1080 1070 1147 1107 tali
1192 1068 1339 1106 iudicio
1397 1066 1567 1104 »resecti

74 1149 192 1180 »sunt
222 1142 270 1180 ab
300 1141 474 1180 Ecclesia
491 1142 536 1193 ²⁹)
567 1148 607 1178 et
633 1139 801 1178 Satanae
828 1139 965 1177 traditi
983 1138 1074 1191 ³⁰)‚'⁷
1106 1137 1364 1176 nibilominus
1390 1134 1568 1172 »serendi

73 1217 235 1249 »tamen
274 1216 365 1248 sunt
404 1211 444 1247 in
484 1209 651 1261 publicis
691 1207 888 1246 Ecclesiae
928 1206 1184 1246 concionibus
1210 1206 1309 1254 3¹),''
1341 1212 1380 1242 et
1412 1203 1567 1255 publica

70 1279 316 1330 poenitentia
347 1279 453 1317 edita
483 1286 643 1330 paratus
672 1279 719 1316 iis
750 1278 800 1316 sit
829 1278 1015 1316 solemnis
1044 1277 1084 1314 in
1115 1275 1312 1313 Ecclesiae
1338 1274 1567 1312 societatem

68 1344 223 1385 reditus
240 1347 300 1399 32).
359 1346 462 1385 Talis
503 1354 635 1385 autem
671 1347 901 1398 disciplinae
941 1347 1046 1383 inter
1085 1343 1282 1382 Ecclesiae
1319 1343 1444 1381 socios
1474 1353 1568 1380 usus

70 1417 171 1454 tanti
197 1416 465 1455 aestimandus
490 1423 568 1460 est,
592 1423 636 1454 ut
663 1416 747 1454 eius
773 1428 842 1467 per
868 1422 926 1453 tot
952 1414 1199 1454 saeculorum
1225 1413 1435 1450 decursum
1453 1411 1567 1450 omis-

71 1485 127 1522 sio
152 1497 267 1522 causa
293 1485 478 1535 primaria
504 1484 685 1523 habenda
713 1485 762 1523 sit
802 1484 957 1522 »omnis
973 1482 1280 1534 profanationis,
1311 1481 1565 1531 omniumque

72 1553 296 1592 »abusuuin
336 1561 376 1592 et
415 1555 541 1592 omnis
579 1553 821 1605 tyrannidis,
852 1566 951 1604 quae
983 1551 1056 1590 sub
1085 1558 1230 1603 papatu
1260 1551 1301 1589 in
1333 1550 1426 1589 orbe
1457 1549 1566 1588 Chri-

71 1609 225 1659 »stiano
254 1621 330 1659 suit
347 1621 435 1673 ³³).''
495 1620 706 1660 Praeterea
735 1621 944 1673 peculiaris
974 1621 1094 1659 etiam
1126 1620 1223 1658 inter
1247 1619 1348 1670 ipsos
1373 1618 1568 1657 Ecclesiae

69 1688 261 1727 ‘'ninistros
298 1689 523 1741 disciplinae
551 1703 642 1728 usus
671 1690 910 1741 requiritur,
941 1696 1014 1728 »ut
1044 1689 1148 1741 apud
1178 1701 1245 1727 eos
1275 1696 1386 1727 tanto
1416 1689 1566 1727 maiore

72 1759 308 1797 »severitate
330 1766 487 1811 agatur,
513 1767 662 1810 quanto
687 1760 810 1811 magis
832 1766 924 1797 sunt
950 1759 1126 1810 exposita
1144 1759 1267 1797 oculis
1283 1758 1462 1817 exempla
1479 1757 1566 1809 34).”

71 1825 267 1865 Ecclesiae
297 1828 421 1879 igitur
453 1846 467 1862 »
481 1829 673 1872 ministri,
712 1829 887 1867 seniores
918 1842 960 1866 ac
990 1828 1167 1871 diaconi,
1196 1828 1261 1866 alii
1293 1840 1362 1879 pro
1393 1827 1479 1865 aliis
1509 1838 1567 1864 se-

71 1895 195 1933 »dulo
225 1897 304 1934 sint
334 1897 511 1939 solliciti,
542 1904 585 1935 ut
616 1899 646 1935 si
677 1910 793 1948 quem
829 1898 935 1935 inter
960 1910 999 1935 se
1026 1897 1187 1935 videant
1212 1896 1566 1948 negligentiorem,

71 1965 280 2015 »protinus
311 1965 501 2016 gradibus
531 1966 848 2004 admonitionum
878 1966 1146 2018 utantur35).’⁷
1207 1964 1257 2003 Ut
1297 1965 1468 2016 deniqne
1504 1965 1567 2003 vel

69 2033 258 2072 levissimi
280 2034 424 2072 abusus
439 2034 804 2086 deprehendantur,
829 2036 984 2086 saepius
1011 2035 1246 2086 »peculiaris
1271 2034 1564 2077 ministrorum,

72 2103 300 2141 »seniorum
330 2117 374 2142 ac
408 2092 663 2143 diaconorum
694 2105 889 2142 habeatur
919 2111 1137 2142 conventus
1163 2103 1258 2155 36),”
1296 2103 1336 2140 in
1375 2114 1452 2152 quo
1489 2101 1564 2139 hoc

71 2171 261 2223 imprimis
290 2179 451 2224 agatur,
480 2180 524 2212 ut
554 2174 758 2212 doctrinae
789 2173 939 2225 puritas
973 2184 1265 2222 consensusque
1298 2171 1495 2210 unanimis
1524 2177 1564 2210 et

109 2400 149 2440 22)
174 2400 285 2431 Forma
309 2410 346 2431 ιιι·
368 2401 428 2430 rat.
453 2400 525 2432 min.
550 2400 649 2432 Lond.
673 2410 703 2441 p.
729 2399 801 2431 282.
827 2399 875 2431 Cf.
898 2398 940 2430 ib.
965 2399 1044 2438 273,
1070 2399 1143 2430 291.

108 2455 148 2495 2³)
173 2455 219 2487 lb.
244 2465 274 2496 p.
299 2454 372 2486 294.
398 2454 446 2486 Cf.
471 2454 512 2486 ib.
538 2455 611 2486 292.
745 2455 785 2494 ²⁴)
812 2454 858 2486 Ib.
883 2465 912 2496 p.
938 2454 1011 2487 292.
1148 2454 1187 2493 25)
1214 2453 1259 2485 lb.
1284 2464 1314 2494 p.
1340 2454 1415 2485 306.

108 2510 148 2549 26)
174 2509 221 2541 Ib.
246 2519 276 2550 p.
303 2509 375 2540 293.
401 2509 448 2541 Cf.
473 2509 512 2541 ib.
538 2521 569 2552 p.
594 2511 673 2548 299,
699 2510 777 2547 301,
804 2510 878 2541 304.
1012 2509 1052 2550 27)
1077 2509 1123 2541 1b.
1148 2520 1177 2550 p.
1203 2508 1276 2539 293.
1301 2508 1348 2540 Cf.
1373 2508 1414 2539 ib.
1441 2509 1513 2541 333.

108 2563 148 2604 28)
173 2564 221 2596 lb.
262 2575 291 2605 p.
327 2564 510 2596 294—303.
547 2565 593 2596 Cf.
624 2565 666 2597 ib.
698 2565 778 2604 340,
811 2565 884 2597 356.
925 2565 1072 2596 Ceterum
1106 2564 1458 2595 excommunicationem
1492 2574 1563 2595 cum

70 2618 234 2649 charitatis
264 2617 333 2658 lege
367 2628 427 2649 non
462 2629 614 2660 pugnare,
649 2619 700 2650 scd
732 2630 803 2650 vcro
831 2630 884 2660 per
911 2630 976 2651 eam
1005 2619 1103 2660 exigi,
1129 2620 1321 2650 demonstrat
1349 2618 1390 2651 ib.
1416 2619 1489 2651 348.
1515 2619 1562 2651 Cf.

69 2673 150 2712 273,
176 2673 255 2711 341,
275 2673 355 2704 ³350.
534 2674 574 2713 29)
598 2674 644 2705 lb.
668 2685 699 2715 p.
725 2674 798 2705 343.

71 2761 75 2765 ,
107 2728 147 2767 3⁰)
173 2727 220 2759 lb.
244 2738 273 2768 p.
299 2726 372 2758 344.
398 2727 444 2759 Cf.
469 2738 498 2768 p.
525 2729 603 2766 350,
629 2729 701 2761 354.
834 2729 875 2769 31)
902 2728 948 2762 Ib.
973 2740 1003 2771 p.
1029 2729 1101 2761 361.
1127 2729 1174 2760 Cf.
1200 2728 1240 2760 ib.
1266 2728 1339 2760 362.

95 2784 147 2824 ’33)
177 2782 222 2814 lb.
255 2793 285 2824 p.
322 2782 505 2814 385—503.
541 2783 637 2815 Aliud
671 2785 746 2826 quid
781 2794 845 2815 esse
878 2785 1142 2816 eavommmzicare
1175 2783 1330 2825 aliquem,
1365 2783 1453 2814 alind
1488 2783 1563 2825 quid

70 2849 176 2870 arcere
199 2849 266 2869 eum
292 2849 311 2868 a
337 2838 437 2869 Coena
461 2838 497 2870 V.
522 2838 562 2870 ib.
588 2850 617 2881 p.
644 2840 716 2872 201.

106 2893 147 2933 ³³)
172 2892 220 2925 Ib.
244 2903 273 2934 p.
300 2891 374 2925 537.
399 2892 447 2923 Cf.
471 2892 513 2923 ib.
540 2893 619 2931 505,
644 2895 724 2933 507,
749 2895 828 2932 512,
854 2895 927 2926 536.
1062 2894 1103 2933 3⁴)
1128 2893 1175 2925 Ib.
1200 2904 1227 2934 p.
1254 2893 1327 2925 535.

107 2947 148 2987 35)
173 2946 220 2979 lb.
245 2957 274 2988 p.
301 2946 374 2979 514.
551 2948 591 2987 ³⁶)
617 2947 665 2979 lb.
690 2960 719 2990 p.
745 2949 818 2981 524.

1401 3004 1432 3028 1⁰
