<?xml version="1.0" encoding="UTF-8"?>
<!DOCTYPE html PUBLIC "-//W3C//DTD XHTML 1.0 Transitional//EN"
    "http://www.w3.org/TR/xhtml1/DTD/xhtml1-transitional.dtd">
<html xmlns="http://www.w3.org/1999/xhtml" xml:lang="en" lang="en">
 <head>
  <title>
</title>
<meta http-equiv="Content-Type" content="text/html;charset=utf-8" />
  <meta name='ocr-system' content='tesseract 3.04.00' />
  <meta name='ocr-capabilities' content='ocr_page ocr_carea ocr_par ocr_line ocrx_word'/>
</head>
<body>
  <div class='ocr_page' id='page_1' title='image "./disquisitiohisto00kuyp_0039.png"; bbox 0 0 1879 3239; ppageno 0'>
   <div class='ocr_carea' id='block_1_1' title="bbox 862 114 912 153">
    <p class='ocr_par' dir='ltr' id='par_1_1' title="bbox 862 114 912 153">
     <span class='ocr_line' id='line_1_1' title="bbox 862 114 912 153; baseline 0.02 -1"><span class='ocrx_word' id='word_1_1' title='bbox 862 114 912 153; x_wconf 86' lang='lat'>‘19</span> 
     </span>
    </p>
   </div>
   <div class='ocr_carea' id='block_1_2' title="bbox 82 246 1662 2782">
    <p class='ocr_par' dir='ltr' id='par_1_2' title="bbox 82 246 1662 2782">
     <span class='ocr_line' id='line_1_2' title="bbox 141 246 1633 300; baseline 0 -15"><span class='ocrx_word' id='word_1_2' title='bbox 141 249 227 288; x_wconf 78' lang='lat' dir='ltr'>»tio</span> <span class='ocrx_word' id='word_1_3' title='bbox 260 253 300 288; x_wconf 84' lang='lat' dir='ltr'>et</span> <span class='ocrx_word' id='word_1_4' title='bbox 330 248 570 287; x_wconf 81' lang='lat' dir='ltr'>consociatio</span> <span class='ocrx_word' id='word_1_5' title='bbox 588 246 661 300; x_wconf 70' lang='grc'>18)”</span> <span class='ocrx_word' id='word_1_6' title='bbox 692 259 771 286; x_wconf 92' lang='lat' dir='ltr'>non</span> <span class='ocrx_word' id='word_1_7' title='bbox 797 248 906 299; x_wconf 92' lang='lat' dir='ltr'>pium</span> <span class='ocrx_word' id='word_1_8' title='bbox 923 248 1091 300; x_wconf 90' lang='lat' dir='ltr'>amplius</span> <span class='ocrx_word' id='word_1_9' title='bbox 1110 253 1248 287; x_wconf 89' lang='lat' dir='ltr'>votum</span> <span class='ocrx_word' id='word_1_10' title='bbox 1273 247 1371 292; x_wconf 89' lang='lat' dir='ltr'>erit,</span> <span class='ocrx_word' id='word_1_11' title='bbox 1402 246 1471 286; x_wconf 84' lang='lat' dir='ltr'>sed</span> <span class='ocrx_word' id='word_1_12' title='bbox 1487 258 1550 285; x_wconf 89' lang='lat' dir='ltr'>res</span> <span class='ocrx_word' id='word_1_13' title='bbox 1565 258 1633 291; x_wconf 86' lang='grc'>-;</span> 
     </span>
     <span class='ocr_line' id='line_1_3' title="bbox 141 315 1637 369; baseline -0.003 -12"><span class='ocrx_word' id='word_1_14' title='bbox 141 331 258 369; x_wconf 88' lang='lat' dir='ltr'>quam</span> <span class='ocrx_word' id='word_1_15' title='bbox 283 318 451 356; x_wconf 89' lang='lat' dir='ltr'>idealem</span> <span class='ocrx_word' id='word_1_16' title='bbox 477 317 747 356; x_wconf 90' lang='lat' dir='ltr'>conditionem</span> <span class='ocrx_word' id='word_1_17' title='bbox 772 316 897 357; x_wconf 91' lang='lat' dir='ltr'>donec</span> <span class='ocrx_word' id='word_1_18' title='bbox 927 318 1074 356; x_wconf 79' lang='lat' dir='ltr'>frustra</span> <span class='ocrx_word' id='word_1_19' title='bbox 1105 317 1279 369; x_wconf 85' lang='lat' dir='ltr'>quaeris,</span> <span class='ocrx_word' id='word_1_20' title='bbox 1310 317 1490 356; x_wconf 86' lang='lat' dir='ltr'>divinare</span> <span class='ocrx_word' id='word_1_21' title='bbox 1519 315 1637 354; x_wconf 86' lang='lat' dir='ltr'>liceat</span> 
     </span>
     <span class='ocr_line' id='line_1_4' title="bbox 140 385 1636 439; baseline -0.003 -13"><span class='ocrx_word' id='word_1_22' title='bbox 140 387 359 438; x_wconf 79' lang='lat' dir='ltr'>faustisque</span> <span class='ocrx_word' id='word_1_23' title='bbox 390 387 588 426; x_wconf 89' lang='lat' dir='ltr'>ominibus</span> <span class='ocrx_word' id='word_1_24' title='bbox 619 385 815 425; x_wconf 81' lang='lat' dir='ltr'><strong>Ecclesiae</strong></span> <span class='ocrx_word' id='word_1_25' title='bbox 850 387 1070 438; x_wconf 80' lang='lat' dir='ltr'>perfectum</span> <span class='ocrx_word' id='word_1_26' title='bbox 1101 387 1301 439; x_wconf 77' lang='lat' dir='ltr'>prosequi,</span> <span class='ocrx_word' id='word_1_27' title='bbox 1332 386 1442 424; x_wconf 86' lang='lat' dir='ltr'>nefas</span> <span class='ocrx_word' id='word_1_28' title='bbox 1475 385 1552 424; x_wconf 90' lang='lat' dir='ltr'>erit</span> <span class='ocrx_word' id='word_1_29' title='bbox 1581 389 1636 421; x_wconf 86' lang='lat' dir='ltr'>ta-</span> 
     </span>
     <span class='ocr_line' id='line_1_5' title="bbox 82 455 1638 508; baseline -0.003 -13"><span class='ocrx_word' id='word_1_30' title='bbox 82 480 83 483; x_wconf 64' lang='lat'><em>=</em></span> <span class='ocrx_word' id='word_1_31' title='bbox 139 468 231 495; x_wconf 88' lang='lat' dir='ltr'>men</span> <span class='ocrx_word' id='word_1_32' title='bbox 261 457 386 495; x_wconf 87' lang='lat' dir='ltr'>invita</span> <span class='ocrx_word' id='word_1_33' title='bbox 416 457 570 495; x_wconf 89' lang='lat' dir='ltr'>ratione</span> <span class='ocrx_word' id='word_1_34' title='bbox 601 462 719 508; x_wconf 88' lang='lat' dir='ltr'>atque</span> <span class='ocrx_word' id='word_1_35' title='bbox 750 457 1017 508; x_wconf 78' lang='lat' dir='ltr'>experientia,</span> <span class='ocrx_word' id='word_1_36' title='bbox 1054 457 1213 501; x_wconf 90' lang='lat' dir='ltr'>adesse,</span> <span class='ocrx_word' id='word_1_37' title='bbox 1257 455 1363 507; x_wconf 89' lang='lat' dir='ltr'>quod</span> <span class='ocrx_word' id='word_1_38' title='bbox 1394 455 1526 497; x_wconf 88' lang='lat' dir='ltr'>abest,</span> <span class='ocrx_word' id='word_1_39' title='bbox 1561 459 1638 490; x_wconf 88' lang='lat' dir='ltr'>sta-</span> 
     </span>
     <span class='ocr_line' id='line_1_6' title="bbox 140 521 1637 577; baseline -0.004 -13"><span class='ocrx_word' id='word_1_40' title='bbox 140 532 265 564; x_wconf 82' lang='lat' dir='ltr'>tuere.</span> <span class='ocrx_word' id='word_1_41' title='bbox 323 524 460 577; x_wconf 84' lang='lat' dir='ltr'><strong>Neque</strong></span> <span class='ocrx_word' id='word_1_42' title='bbox 490 525 695 564; x_wconf 90' lang='lat' dir='ltr'>Calvinum</span> <span class='ocrx_word' id='word_1_43' title='bbox 725 525 879 564; x_wconf 85' lang='lat' dir='ltr'>felicius</span> <span class='ocrx_word' id='word_1_44' title='bbox 903 526 1067 577; x_wconf 91' lang='lat' dir='ltr'>scyllam</span> <span class='ocrx_word' id='word_1_45' title='bbox 1095 525 1326 577; x_wconf 80' lang='lat' dir='ltr'>enavigasse</span> <span class='ocrx_word' id='word_1_46' title='bbox 1352 537 1372 562; x_wconf 87' lang='lat' dir='ltr'>e</span> <span class='ocrx_word' id='word_1_47' title='bbox 1399 521 1637 576; x_wconf 88' lang='lat' dir='ltr'>praeceden-</span> 
     </span>
     <span class='ocr_line' id='line_1_7' title="bbox 141 593 1638 647; baseline -0.003 -15"><span class='ocrx_word' id='word_1_48' title='bbox 141 594 248 633; x_wconf 81' lang='lat' dir='ltr'>tibus</span> <span class='ocrx_word' id='word_1_49' title='bbox 275 595 349 633; x_wconf 85' lang='lat' dir='ltr'>iam</span> <span class='ocrx_word' id='word_1_50' title='bbox 377 601 555 647; x_wconf 84' lang='lat' dir='ltr'>apparet,</span> <span class='ocrx_word' id='word_1_51' title='bbox 582 595 688 646; x_wconf 90' lang='lat' dir='ltr'>quod</span> <span class='ocrx_word' id='word_1_52' title='bbox 713 595 841 634; x_wconf 90' lang='lat' dir='ltr'>levius</span> <span class='ocrx_word' id='word_1_53' title='bbox 867 607 960 633; x_wconf 91' lang='lat' dir='ltr'>sane</span> <span class='ocrx_word' id='word_1_54' title='bbox 986 595 1213 639; x_wconf 87' lang='lat' dir='ltr'>serendum,</span> <span class='ocrx_word' id='word_1_55' title='bbox 1234 594 1311 633; x_wconf 92' lang='lat' dir='ltr'>nisi</span> <span class='ocrx_word' id='word_1_56' title='bbox 1337 593 1453 632; x_wconf 83' lang='lat' dir='ltr'>alteri</span> <span class='ocrx_word' id='word_1_57' title='bbox 1479 602 1638 643; x_wconf 89' lang='lat' dir='ltr'>quoque</span> 
     </span>
     <span class='ocr_line' id='line_1_8' title="bbox 141 659 1639 717; baseline -0.003 -16"><span class='ocrx_word' id='word_1_58' title='bbox 141 664 301 715; x_wconf 90' lang='lat' dir='ltr'>scopulo</span> <span class='ocrx_word' id='word_1_59' title='bbox 331 665 588 716; x_wconf 87' lang='lat' dir='ltr'>impinxisset.</span> <span class='ocrx_word' id='word_1_60' title='bbox 647 663 862 710; x_wconf 76' lang='lat' dir='ltr'><strong>Nimirum,</strong></span> <span class='ocrx_word' id='word_1_61' title='bbox 903 678 1025 716; x_wconf 90' lang='lat' dir='ltr'>quum</span> <span class='ocrx_word' id='word_1_62' title='bbox 1065 665 1169 717; x_wconf 90' lang='lat' dir='ltr'>apud</span> <span class='ocrx_word' id='word_1_63' title='bbox 1200 671 1353 704; x_wconf 85' lang='lat' dir='ltr'>ceteros</span> <span class='ocrx_word' id='word_1_64' title='bbox 1383 663 1433 702; x_wconf 90' lang='lat' dir='ltr'>ad</span> <span class='ocrx_word' id='word_1_65' title='bbox 1463 659 1639 700; x_wconf 91' lang='lat' dir='ltr'>invisibi-</span> 
     </span>
     <span class='ocr_line' id='line_1_9' title="bbox 141 731 1641 786; baseline -0.002 -16"><span class='ocrx_word' id='word_1_66' title='bbox 141 733 220 771; x_wconf 86' lang='lat' dir='ltr'>lem</span> <span class='ocrx_word' id='word_1_67' title='bbox 245 732 461 773; x_wconf 81' lang='lat' dir='ltr'>Ecclesiam</span> <span class='ocrx_word' id='word_1_68' title='bbox 491 734 632 773; x_wconf 90' lang='lat' dir='ltr'>eodcm</span> <span class='ocrx_word' id='word_1_69' title='bbox 662 747 818 786; x_wconf 87' lang='lat' dir='ltr'>semper</span> <span class='ocrx_word' id='word_1_70' title='bbox 849 746 934 773; x_wconf 89' lang='lat' dir='ltr'>sese</span> <span class='ocrx_word' id='word_1_71' title='bbox 965 734 1166 773; x_wconf 83' lang='lat' dir='ltr'>referebat</span> <span class='ocrx_word' id='word_1_72' title='bbox 1197 734 1316 773; x_wconf 88' lang='lat' dir='ltr'>modo</span> <span class='ocrx_word' id='word_1_73' title='bbox 1346 731 1530 775; x_wconf 86' lang='lat' dir='ltr'>visibilis,</span> <span class='ocrx_word' id='word_1_74' title='bbox 1561 738 1641 780; x_wconf 90' lang='lat' dir='ltr'>quo</span> 
     </span>
     <span class='ocr_line' id='line_1_10' title="bbox 141 798 1641 855; baseline -0.003 -14"><span class='ocrx_word' id='word_1_75' title='bbox 141 803 260 841; x_wconf 86' lang='lat' dir='ltr'>realis</span> <span class='ocrx_word' id='word_1_76' title='bbox 285 803 450 855; x_wconf 88' lang='lat' dir='ltr'>perfecti</span> <span class='ocrx_word' id='word_1_77' title='bbox 476 803 681 841; x_wconf 87' lang='lat' dir='ltr'>cuiusdam</span> <span class='ocrx_word' id='word_1_78' title='bbox 707 804 899 855; x_wconf 79' lang='lat' dir='ltr'><strong>apparitio</strong></span> <span class='ocrx_word' id='word_1_79' title='bbox 925 804 973 842; x_wconf 92' lang='lat' dir='ltr'>ad</span> <span class='ocrx_word' id='word_1_80' title='bbox 998 803 1220 855; x_wconf 88' lang='lat' dir='ltr'>perfectum</span> <span class='ocrx_word' id='word_1_81' title='bbox 1246 803 1344 841; x_wconf 87' lang='lat' dir='ltr'>illud</span> <span class='ocrx_word' id='word_1_82' title='bbox 1374 802 1525 853; x_wconf 88' lang='lat' dir='ltr'>ipsum,</span> <span class='ocrx_word' id='word_1_83' title='bbox 1554 798 1641 837; x_wconf 92' lang='lat' dir='ltr'>nul-</span> 
     </span>
     <span class='ocr_line' id='line_1_11' title="bbox 142 869 1643 923; baseline -0.003 -13"><span class='ocrx_word' id='word_1_84' title='bbox 142 873 224 911; x_wconf 91' lang='lat' dir='ltr'>lum</span> <span class='ocrx_word' id='word_1_85' title='bbox 264 873 403 911; x_wconf 89' lang='lat' dir='ltr'>saltem</span> <span class='ocrx_word' id='word_1_86' title='bbox 442 873 548 911; x_wconf 87' lang='lat' dir='ltr'>inter</span> <span class='ocrx_word' id='word_1_87' title='bbox 587 879 797 923; x_wconf 88' lang='lat' dir='ltr'>utramque</span> <span class='ocrx_word' id='word_1_88' title='bbox 839 872 1112 911; x_wconf 79' lang='lat' dir='ltr'>intercedebat</span> <span class='ocrx_word' id='word_1_89' title='bbox 1156 872 1369 910; x_wconf 77' lang='lat' dir='ltr'>discrimen</span> <span class='ocrx_word' id='word_1_90' title='bbox 1409 869 1643 908; x_wconf 89' lang='lat' dir='ltr'>fundamen-</span> 
     </span>
     <span class='ocr_line' id='line_1_12' title="bbox 144 937 1643 994; baseline -0.003 -13"><span class='ocrx_word' id='word_1_91' title='bbox 144 942 245 987; x_wconf 87' lang='lat' dir='ltr'>tale,</span> <span class='ocrx_word' id='word_1_92' title='bbox 289 943 468 993; x_wconf 87' lang='lat' dir='ltr'>adeoque</span> <span class='ocrx_word' id='word_1_93' title='bbox 512 943 553 981; x_wconf 90' lang='lat' dir='ltr'>in</span> <span class='ocrx_word' id='word_1_94' title='bbox 597 942 681 980; x_wconf 88' lang='lat' dir='ltr'>dies</span> <span class='ocrx_word' id='word_1_95' title='bbox 725 943 850 994; x_wconf 76' lang='lat' dir='ltr'>magis</span> <span class='ocrx_word' id='word_1_96' title='bbox 894 942 961 980; x_wconf 94' lang='lat' dir='ltr'>illo</span> <span class='ocrx_word' id='word_1_97' title='bbox 998 942 1226 980; x_wconf 75' lang='lat' dir='ltr'>discrimine</span> <span class='ocrx_word' id='word_1_98' title='bbox 1265 940 1438 984; x_wconf 85' lang='lat' dir='ltr'>sublato,</span> <span class='ocrx_word' id='word_1_99' title='bbox 1488 937 1643 988; x_wconf 88' lang='lat' dir='ltr'>assequi</span> 
     </span>
     <span class='ocr_line' id='line_1_13' title="bbox 145 1007 1645 1062; baseline -0.003 -12"><span class='ocrx_word' id='word_1_100' title='bbox 145 1012 310 1051; x_wconf 86' lang='lat' dir='ltr'>alteram</span> <span class='ocrx_word' id='word_1_101' title='bbox 354 1013 478 1050; x_wconf 87' lang='lat' dir='ltr'>altera</span> <span class='ocrx_word' id='word_1_102' title='bbox 522 1011 741 1049; x_wconf 86' lang='lat' dir='ltr'>lentissime</span> <span class='ocrx_word' id='word_1_103' title='bbox 785 1017 959 1062; x_wconf 86' lang='lat' dir='ltr'>poterat,</span> <span class='ocrx_word' id='word_1_104' title='bbox 1003 1011 1073 1049; x_wconf 90' lang='lat' dir='ltr'>sed</span> <span class='ocrx_word' id='word_1_105' title='bbox 1117 1017 1156 1049; x_wconf 88' lang='lat' dir='ltr'>et</span> <span class='ocrx_word' id='word_1_106' title='bbox 1201 1010 1432 1048; x_wconf 82' lang='lat' dir='ltr'>certissime.</span> <span class='ocrx_word' id='word_1_107' title='bbox 1496 1007 1645 1046; x_wconf 87' lang='lat' dir='ltr'>Similis</span> 
     </span>
     <span class='ocr_line' id='line_1_14' title="bbox 146 1077 1645 1131; baseline -0.003 -12"><span class='ocrx_word' id='word_1_108' title='bbox 146 1081 276 1120; x_wconf 84' lang='lat' dir='ltr'>exitus</span> <span class='ocrx_word' id='word_1_109' title='bbox 319 1081 481 1119; x_wconf 90' lang='lat' dir='ltr'>Calvino</span> <span class='ocrx_word' id='word_1_110' title='bbox 524 1092 602 1118; x_wconf 89' lang='lat' dir='ltr'>non</span> <span class='ocrx_word' id='word_1_111' title='bbox 652 1079 838 1131; x_wconf 79' lang='lat' dir='ltr'>patebat,</span> <span class='ocrx_word' id='word_1_112' title='bbox 882 1079 1175 1131; x_wconf 75' lang='lat' dir='ltr'>reprobationis</span> <span class='ocrx_word' id='word_1_113' title='bbox 1220 1079 1407 1130; x_wconf 82' lang='lat' dir='ltr'>dogmate</span> <span class='ocrx_word' id='word_1_114' title='bbox 1456 1077 1491 1115; x_wconf 91' lang='lat' dir='ltr'>ei</span> <span class='ocrx_word' id='word_1_115' title='bbox 1535 1087 1645 1128; x_wconf 84' lang='lat' dir='ltr'>prae-</span> 
     </span>
     <span class='ocr_line' id='line_1_15' title="bbox 146 1148 1649 1201; baseline -0.004 -13"><span class='ocrx_word' id='word_1_116' title='bbox 146 1152 288 1189; x_wconf 91' lang='lat' dir='ltr'>clusus.</span> <span class='ocrx_word' id='word_1_117' title='bbox 345 1149 529 1194; x_wconf 82' lang='lat' dir='ltr'>Etenim,</span> <span class='ocrx_word' id='word_1_118' title='bbox 574 1150 605 1187; x_wconf 91' lang='lat' dir='ltr'>si</span> <span class='ocrx_word' id='word_1_119' title='bbox 641 1148 857 1187; x_wconf 84' lang='lat' dir='ltr'>Ecclesiam</span> <span class='ocrx_word' id='word_1_120' title='bbox 887 1148 1055 1187; x_wconf 88' lang='lat' dir='ltr'>definias</span> <span class='ocrx_word' id='word_1_121' title='bbox 1084 1161 1227 1201; x_wconf 88' lang='lat' dir='ltr'>corpus</span> <span class='ocrx_word' id='word_1_122' title='bbox 1270 1148 1509 1190; x_wconf 88' lang='lat' dir='ltr'>electorum,</span> <span class='ocrx_word' id='word_1_123' title='bbox 1550 1155 1649 1195; x_wconf 87' lang='lat' dir='ltr'>quos</span> 
     </span>
     <span class='ocr_line' id='line_1_16' title="bbox 145 1212 1649 1273; baseline -0.004 -16"><span class='ocrx_word' id='word_1_124' title='bbox 145 1219 249 1273; x_wconf 85' lang='lat' dir='ltr'>Deus</span> <span class='ocrx_word' id='word_1_125' title='bbox 292 1218 341 1256; x_wconf 87' lang='lat' dir='ltr'>ad</span> <span class='ocrx_word' id='word_1_126' title='bbox 377 1218 497 1257; x_wconf 75' lang='lat' dir='ltr'>vitam</span> <span class='ocrx_word' id='word_1_127' title='bbox 548 1225 750 1256; x_wconf 76' lang='lat' dir='ltr'>aeternam</span> <span class='ocrx_word' id='word_1_128' title='bbox 790 1218 1124 1270; x_wconf 81' lang='lat' dir='ltr'>praedestinavit,</span> <span class='ocrx_word' id='word_1_129' title='bbox 1172 1217 1340 1257; x_wconf 88' lang='lat' dir='ltr'>visibilis</span> <span class='ocrx_word' id='word_1_130' title='bbox 1378 1214 1554 1254; x_wconf 84' lang='lat' dir='ltr'>Ecclesia</span> <span class='ocrx_word' id='word_1_131' title='bbox 1599 1212 1649 1251; x_wconf 91' lang='lat' dir='ltr'>ad</span> 
     </span>
     <span class='ocr_line' id='line_1_17' title="bbox 146 1283 1648 1339; baseline -0.005 -12"><span class='ocrx_word' id='word_1_132' title='bbox 146 1301 233 1327; x_wconf 88' lang='lat' dir='ltr'>eam</span> <span class='ocrx_word' id='word_1_133' title='bbox 276 1287 596 1339; x_wconf 87' lang='lat' dir='ltr'>perfectitudinis</span> <span class='ocrx_word' id='word_1_134' title='bbox 638 1294 786 1326; x_wconf 87' lang='lat' dir='ltr'>metam</span> <span class='ocrx_word' id='word_1_135' title='bbox 830 1288 1038 1339; x_wconf 86' lang='lat' dir='ltr'>perveniet</span> <span class='ocrx_word' id='word_1_136' title='bbox 1082 1299 1299 1338; x_wconf 87' lang='lat' dir='ltr'>nusquam,</span> <span class='ocrx_word' id='word_1_137' title='bbox 1347 1291 1413 1329; x_wconf 81' lang='lat' dir='ltr'>ut,</span> <span class='ocrx_word' id='word_1_138' title='bbox 1462 1283 1568 1335; x_wconf 88' lang='lat' dir='ltr'>quod</span> <span class='ocrx_word' id='word_1_139' title='bbox 1606 1283 1648 1320; x_wconf 92' lang='lat' dir='ltr'>in</span> 
     </span>
     <span class='ocr_line' id='line_1_18' title="bbox 145 1343 1650 1408; baseline -0.003 -13"><span class='ocrx_word' id='word_1_140' title='bbox 145 1343 320 1396; x_wconf 83' lang='lat' dir='ltr'>Ecclesia</span> <span class='ocrx_word' id='word_1_141' title='bbox 360 1356 548 1395; x_wconf 89' lang='lat' dir='ltr'>invisibili</span> <span class='ocrx_word' id='word_1_142' title='bbox 585 1357 645 1394; x_wconf 91' lang='lat' dir='ltr'>sui</span> <span class='ocrx_word' id='word_1_143' title='bbox 676 1363 830 1408; x_wconf 82' lang='lat' dir='ltr'>prostat</span> <span class='ocrx_word' id='word_1_144' title='bbox 861 1357 1063 1408; x_wconf 82' lang='lat' dir='ltr'>exemplar</span> <span class='ocrx_word' id='word_1_145' title='bbox 1092 1356 1446 1408; x_wconf 85' lang='lat' dir='ltr'>perfectissimum,</span> <span class='ocrx_word' id='word_1_146' title='bbox 1477 1353 1650 1404; x_wconf 81' lang='lat' dir='ltr'>attingat</span> 
     </span>
     <span class='ocr_line' id='line_1_19' title="bbox 146 1421 1650 1479; baseline -0.003 -15"><span class='ocrx_word' id='word_1_147' title='bbox 146 1427 342 1479; x_wconf 82' lang='lat' dir='ltr'>perfecte,</span> <span class='ocrx_word' id='word_1_148' title='bbox 372 1427 447 1464; x_wconf 92' lang='lat' dir='ltr'>nisi</span> <span class='ocrx_word' id='word_1_149' title='bbox 477 1426 674 1464; x_wconf 88' lang='lat' dir='ltr'>rationem</span> <span class='ocrx_word' id='word_1_150' title='bbox 705 1426 906 1470; x_wconf 82' lang='lat' dir='ltr'>invenias,</span> <span class='ocrx_word' id='word_1_151' title='bbox 938 1439 1014 1478; x_wconf 91' lang='lat' dir='ltr'>qua</span> <span class='ocrx_word' id='word_1_152' title='bbox 1045 1433 1114 1464; x_wconf 88' lang='lat' dir='ltr'>aut</span> <span class='ocrx_word' id='word_1_153' title='bbox 1145 1438 1302 1470; x_wconf 86' lang='lat' dir='ltr'>omnes,</span> <span class='ocrx_word' id='word_1_154' title='bbox 1333 1424 1401 1476; x_wconf 92' lang='lat' dir='ltr'>qui</span> <span class='ocrx_word' id='word_1_155' title='bbox 1437 1423 1478 1462; x_wconf 90' lang='lat' dir='ltr'>in</span> <span class='ocrx_word' id='word_1_156' title='bbox 1518 1421 1650 1460; x_wconf 87' lang='lat' dir='ltr'>Eccle-</span> 
     </span>
     <span class='ocr_line' id='line_1_20' title="bbox 147 1490 1650 1547; baseline -0.005 -12"><span class='ocrx_word' id='word_1_157' title='bbox 147 1497 202 1535; x_wconf 90' lang='lat' dir='ltr'>sia</span> <span class='ocrx_word' id='word_1_158' title='bbox 232 1495 379 1535; x_wconf 90' lang='lat' dir='ltr'>visibili</span> <span class='ocrx_word' id='word_1_159' title='bbox 409 1495 588 1534; x_wconf 88' lang='lat' dir='ltr'>mcmbra</span> <span class='ocrx_word' id='word_1_160' title='bbox 619 1495 815 1547; x_wconf 86' lang='lat' dir='ltr'>adscripta</span> <span class='ocrx_word' id='word_1_161' title='bbox 845 1502 959 1539; x_wconf 88' lang='lat' dir='ltr'>sunt,</span> <span class='ocrx_word' id='word_1_162' title='bbox 998 1496 1040 1534; x_wconf 91' lang='lat' dir='ltr'>in</span> <span class='ocrx_word' id='word_1_163' title='bbox 1071 1496 1291 1534; x_wconf 85' lang='lat' dir='ltr'>electorum</span> <span class='ocrx_word' id='word_1_164' title='bbox 1322 1494 1480 1533; x_wconf 88' lang='lat' dir='ltr'>turbam</span> <span class='ocrx_word' id='word_1_165' title='bbox 1511 1490 1650 1542; x_wconf 85' lang='lat' dir='ltr'>recipi-</span> 
     </span>
     <span class='ocr_line' id='line_1_21' title="bbox 149 1563 1650 1609; baseline -0.003 -6"><span class='ocrx_word' id='word_1_166' title='bbox 149 1572 288 1609; x_wconf 85' lang='lat' dir='ltr'>antur,</span> <span class='ocrx_word' id='word_1_167' title='bbox 333 1571 400 1603; x_wconf 88' lang='lat' dir='ltr'>aut</span> <span class='ocrx_word' id='word_1_168' title='bbox 446 1565 658 1603; x_wconf 87' lang='lat' dir='ltr'>eiiciantur</span> <span class='ocrx_word' id='word_1_169' title='bbox 695 1576 742 1603; x_wconf 81' lang='lat' dir='ltr'>ex</span> <span class='ocrx_word' id='word_1_170' title='bbox 782 1563 981 1603; x_wconf 87' lang='lat' dir='ltr'>Ecclesiae</span> <span class='ocrx_word' id='word_1_171' title='bbox 1021 1565 1211 1603; x_wconf 87' lang='lat' dir='ltr'>societate</span> <span class='ocrx_word' id='word_1_172' title='bbox 1252 1565 1301 1603; x_wconf 88' lang='lat' dir='ltr'>ad</span> <span class='ocrx_word' id='word_1_173' title='bbox 1337 1576 1462 1602; x_wconf 90' lang='lat' dir='ltr'>unum</span> <span class='ocrx_word' id='word_1_174' title='bbox 1494 1572 1650 1604; x_wconf 82' lang='lat' dir='ltr'>omneS,</span> 
     </span>
     <span class='ocr_line' id='line_1_22' title="bbox 150 1632 1652 1686; baseline -0.003 -14"><span class='ocrx_word' id='word_1_175' title='bbox 150 1644 247 1686; x_wconf 88' lang='lat' dir='ltr'>quos</span> <span class='ocrx_word' id='word_1_176' title='bbox 290 1633 519 1685; x_wconf 87' lang='lat' dir='ltr'>reprobavit</span> <span class='ocrx_word' id='word_1_177' title='bbox 563 1632 677 1672; x_wconf 80' lang='lat' dir='ltr'>Deus.</span> <span class='ocrx_word' id='word_1_178' title='bbox 735 1632 849 1671; x_wconf 86' lang='lat' dir='ltr'>Prius</span> <span class='ocrx_word' id='word_1_179' title='bbox 893 1634 992 1672; x_wconf 92' lang='lat' dir='ltr'>illud</span> <span class='ocrx_word' id='word_1_180' title='bbox 1037 1635 1146 1672; x_wconf 90' lang='lat' dir='ltr'>nullo</span> <span class='ocrx_word' id='word_1_181' title='bbox 1190 1640 1305 1686; x_wconf 92' lang='lat' dir='ltr'>pacto</span> <span class='ocrx_word' id='word_1_182' title='bbox 1345 1632 1415 1671; x_wconf 84' lang='lat' dir='ltr'>fiet</span> <span class='ocrx_word' id='word_1_183' title='bbox 1454 1642 1652 1682; x_wconf 85' lang='lat' dir='ltr'>unquam,</span> 
     </span>
     <span class='ocr_line' id='line_1_23' title="bbox 151 1700 1652 1756; baseline -0.005 -14"><span class='ocrx_word' id='word_1_184' title='bbox 151 1705 257 1756; x_wconf 90' lang='lat' dir='ltr'>quod</span> <span class='ocrx_word' id='word_1_185' title='bbox 301 1705 442 1743; x_wconf 88' lang='lat' dir='ltr'>electio</span> <span class='ocrx_word' id='word_1_186' title='bbox 482 1718 502 1743; x_wconf 88' lang='lat' dir='ltr'>a</span> <span class='ocrx_word' id='word_1_187' title='bbox 541 1705 624 1742; x_wconf 87' lang='lat' dir='ltr'>solo</span> <span class='ocrx_word' id='word_1_188' title='bbox 664 1702 734 1741; x_wconf 87' lang='lat' dir='ltr'>Dei</span> <span class='ocrx_word' id='word_1_189' title='bbox 779 1701 1049 1755; x_wconf 85' lang='lat' dir='ltr'>beneplacito,</span> <span class='ocrx_word' id='word_1_190' title='bbox 1092 1716 1173 1742; x_wconf 89' lang='lat' dir='ltr'>non</span> <span class='ocrx_word' id='word_1_191' title='bbox 1209 1710 1343 1741; x_wconf 85' lang='lat' dir='ltr'>autem</span> <span class='ocrx_word' id='word_1_192' title='bbox 1383 1716 1403 1741; x_wconf 89' lang='lat' dir='ltr'>a</span> <span class='ocrx_word' id='word_1_193' title='bbox 1442 1700 1652 1740; x_wconf 87' lang='lat' dir='ltr'>hominum</span> 
     </span>
     <span class='ocr_line' id='line_1_24' title="bbox 150 1771 1653 1825; baseline -0.005 -13"><span class='ocrx_word' id='word_1_194' title='bbox 150 1774 356 1812; x_wconf 89' lang='lat' dir='ltr'>voluntate</span> <span class='ocrx_word' id='word_1_195' title='bbox 386 1773 544 1825; x_wconf 86' lang='lat' dir='ltr'>pendet.</span> <span class='ocrx_word' id='word_1_196' title='bbox 603 1771 707 1810; x_wconf 88' lang='lat' dir='ltr'>Audi</span> <span class='ocrx_word' id='word_1_197' title='bbox 747 1784 836 1810; x_wconf 89' lang='lat' dir='ltr'>eum</span> <span class='ocrx_word' id='word_1_198' title='bbox 873 1771 1183 1822; x_wconf 84' lang='lat' dir='ltr'>respondentem</span> <span class='ocrx_word' id='word_1_199' title='bbox 1215 1771 1497 1823; x_wconf 88' lang='lat' dir='ltr'>querentibus:</span> <span class='ocrx_word' id='word_1_200' title='bbox 1538 1779 1653 1806; x_wconf 85' lang='lat' dir='ltr'>»esse</span> 
     </span>
     <span class='ocr_line' id='line_1_25' title="bbox 150 1831 1654 1894; baseline -0.002 -17"><span class='ocrx_word' id='word_1_201' title='bbox 150 1843 324 1894; x_wconf 77' lang='lat' dir='ltr'>»igitur‚</span> <span class='ocrx_word' id='word_1_202' title='bbox 363 1855 433 1880; x_wconf 90' lang='lat' dir='ltr'>cur</span> <span class='ocrx_word' id='word_1_203' title='bbox 467 1854 556 1879; x_wconf 90' lang='lat' dir='ltr'>cum</span> <span class='ocrx_word' id='word_1_204' title='bbox 588 1840 668 1879; x_wconf 91' lang='lat' dir='ltr'>Deo</span> <span class='ocrx_word' id='word_1_205' title='bbox 708 1840 964 1891; x_wconf 84' lang='lat' dir='ltr'>expostulent</span> <span class='ocrx_word' id='word_1_206' title='bbox 1001 1840 1204 1885; x_wconf 87' lang='lat' dir='ltr'>homines,</span> <span class='ocrx_word' id='word_1_207' title='bbox 1235 1840 1266 1878; x_wconf 92' lang='lat' dir='ltr'>si</span> <span class='ocrx_word' id='word_1_208' title='bbox 1291 1831 1399 1878; x_wconf 88' lang='lat' dir='ltr'>nudo</span> <span class='ocrx_word' id='word_1_209' title='bbox 1426 1837 1521 1877; x_wconf 90' lang='lat' dir='ltr'>Eius</span> <span class='ocrx_word' id='word_1_210' title='bbox 1552 1836 1654 1875; x_wconf 89' lang='lat' dir='ltr'>arhi-</span> 
     </span>
     <span class='ocr_line' id='line_1_26' title="bbox 150 1906 1655 1962; baseline -0.003 -13"><span class='ocrx_word' id='word_1_211' title='bbox 150 1912 256 1950; x_wconf 80' lang='lat' dir='ltr'>»trio</span> <span class='ocrx_word' id='word_1_212' title='bbox 295 1912 393 1949; x_wconf 87' lang='lat' dir='ltr'>citra</span> <span class='ocrx_word' id='word_1_213' title='bbox 433 1910 634 1962; x_wconf 87' lang='lat' dir='ltr'>proprium</span> <span class='ocrx_word' id='word_1_214' title='bbox 673 1910 863 1948; x_wconf 90' lang='lat' dir='ltr'>meritum</span> <span class='ocrx_word' id='word_1_215' title='bbox 902 1910 943 1948; x_wconf 92' lang='lat' dir='ltr'>in</span> <span class='ocrx_word' id='word_1_216' title='bbox 982 1917 1187 1948; x_wconf 85' lang='lat' dir='ltr'>aeternam</span> <span class='ocrx_word' id='word_1_217' title='bbox 1226 1916 1399 1948; x_wconf 87' lang='lat' dir='ltr'>mortem</span> <span class='ocrx_word' id='word_1_218' title='bbox 1439 1906 1655 1960; x_wconf 85' lang='lat' dir='ltr'>praedesti·</span> 
     </span>
     <span class='ocr_line' id='line_1_27' title="bbox 150 1965 1655 2031; baseline -0.003 -12"><span class='ocrx_word' id='word_1_219' title='bbox 150 1987 338 2019; x_wconf 85' lang='lat' dir='ltr'>»nantur.</span> <span class='ocrx_word' id='word_1_220' title='bbox 383 1979 631 2023; x_wconf 86' lang='lat' dir='ltr'>Eiusmodi,”</span> <span class='ocrx_word' id='word_1_221' title='bbox 658 1979 808 2030; x_wconf 88' lang='lat' dir='ltr'>inquit,</span> <span class='ocrx_word' id='word_1_222' title='bbox 840 1965 1198 2031; x_wconf 82' lang='lat' dir='ltr'>»cogitationibus,</span> <span class='ocrx_word' id='word_1_223' title='bbox 1229 1980 1260 2017; x_wconf 92' lang='lat' dir='ltr'>si</span> <span class='ocrx_word' id='word_1_224' title='bbox 1292 1974 1453 2030; x_wconf 84' lang='lat' dir='ltr'>quando</span> <span class='ocrx_word' id='word_1_225' title='bbox 1482 1977 1556 2029; x_wconf 91' lang='lat' dir='ltr'>piis</span> <span class='ocrx_word' id='word_1_226' title='bbox 1584 1975 1655 2014; x_wconf 85' lang='lat' dir='ltr'>lio-</span> 
     </span>
     <span class='ocr_line' id='line_1_28' title="bbox 150 2046 1656 2101; baseline -0.003 -13"><span class='ocrx_word' id='word_1_227' title='bbox 150 2050 352 2090; x_wconf 83' lang='lat' dir='ltr'>»minibus</span> <span class='ocrx_word' id='word_1_228' title='bbox 389 2051 430 2089; x_wconf 92' lang='lat' dir='ltr'>in</span> <span class='ocrx_word' id='word_1_229' title='bbox 470 2056 647 2088; x_wconf 90' lang='lat' dir='ltr'>mentem</span> <span class='ocrx_word' id='word_1_230' title='bbox 686 2049 870 2093; x_wconf 86' lang='lat' dir='ltr'>veniant,</span> <span class='ocrx_word' id='word_1_231' title='bbox 910 2049 959 2088; x_wconf 89' lang='lat' dir='ltr'>ad</span> <span class='ocrx_word' id='word_1_232' title='bbox 999 2048 1241 2101; x_wconf 77' lang='lat' dir='ltr'>frangendos</span> <span class='ocrx_word' id='word_1_233' title='bbox 1272 2060 1411 2086; x_wconf 88' lang='lat' dir='ltr'>eorum</span> <span class='ocrx_word' id='word_1_234' title='bbox 1440 2046 1656 2098; x_wconf 88' lang='lat' dir='ltr'>impulsus,</span> 
     </span>
     <span class='ocr_line' id='line_1_29' title="bbox 152 2116 1657 2171; baseline -0.003 -13"><span class='ocrx_word' id='word_1_235' title='bbox 152 2120 243 2158; x_wconf 83' lang='lat' dir='ltr'>»vel</span> <span class='ocrx_word' id='word_1_236' title='bbox 272 2119 347 2158; x_wconf 90' lang='lat' dir='ltr'>hoc</span> <span class='ocrx_word' id='word_1_237' title='bbox 377 2131 458 2157; x_wconf 92' lang='lat' dir='ltr'>uno</span> <span class='ocrx_word' id='word_1_238' title='bbox 487 2120 581 2157; x_wconf 86' lang='lat' dir='ltr'>satis</span> <span class='ocrx_word' id='word_1_239' title='bbox 612 2119 881 2158; x_wconf 85' lang='lat' dir='ltr'>armabuntur·</span> <span class='ocrx_word' id='word_1_240' title='bbox 904 2119 935 2157; x_wconf 87' lang='lat' dir='ltr'>si</span> <span class='ocrx_word' id='word_1_241' title='bbox 966 2125 1176 2171; x_wconf 85' lang='lat' dir='ltr'>reputent,</span> <span class='ocrx_word' id='word_1_242' title='bbox 1216 2125 1388 2169; x_wconf 89' lang='lat' dir='ltr'>quantae</span> <span class='ocrx_word' id='word_1_243' title='bbox 1429 2117 1480 2155; x_wconf 86' lang='lat' dir='ltr'>sit</span> <span class='ocrx_word' id='word_1_244' title='bbox 1514 2116 1657 2167; x_wconf 89' lang='lat' dir='ltr'>impro-</span> 
     </span>
     <span class='ocr_line' id='line_1_30' title="bbox 152 2187 1658 2239; baseline -0.003 -12"><span class='ocrx_word' id='word_1_245' title='bbox 152 2188 318 2227; x_wconf 80' lang='lat' dir='ltr'>»bitatis</span> <span class='ocrx_word' id='word_1_246' title='bbox 362 2201 520 2227; x_wconf 88' lang='lat' dir='ltr'>eausam</span> <span class='ocrx_word' id='word_1_247' title='bbox 565 2188 722 2227; x_wconf 84' lang='lat' dir='ltr'>divinae</span> <span class='ocrx_word' id='word_1_248' title='bbox 763 2189 982 2228; x_wconf 83' lang='lat' dir='ltr'>voluntatis</span> <span class='ocrx_word' id='word_1_249' title='bbox 1020 2189 1215 2227; x_wconf 87' lang='lat' dir='ltr'>duntaxat</span> <span class='ocrx_word' id='word_1_250' title='bbox 1246 2187 1495 2239; x_wconf 86' lang='lat' dir='ltr'>percontari,</span> <span class='ocrx_word' id='word_1_251' title='bbox 1535 2197 1658 2237; x_wconf 89' lang='lat' dir='ltr'>quum</span> 
     </span>
     <span class='ocr_line' id='line_1_31' title="bbox 152 2255 1657 2308; baseline -0.001 -13"><span class='ocrx_word' id='word_1_252' title='bbox 152 2258 380 2302; x_wconf 88' lang='lat' dir='ltr'>»omnium‚</span> <span class='ocrx_word' id='word_1_253' title='bbox 424 2269 525 2308; x_wconf 89' lang='lat' dir='ltr'>quae</span> <span class='ocrx_word' id='word_1_254' title='bbox 565 2263 678 2301; x_wconf 89' lang='lat' dir='ltr'>sunt,</span> <span class='ocrx_word' id='word_1_255' title='bbox 722 2258 804 2308; x_wconf 87' lang='lat' dir='ltr'>ipse</span> <span class='ocrx_word' id='word_1_256' title='bbox 846 2258 897 2295; x_wconf 90' lang='lat' dir='ltr'>sit</span> <span class='ocrx_word' id='word_1_257' title='bbox 937 2269 1075 2301; x_wconf 88' lang='lat' dir='ltr'>causa,</span> <span class='ocrx_word' id='word_1_258' title='bbox 1115 2263 1157 2295; x_wconf 91' lang='lat' dir='ltr'>et</span> <span class='ocrx_word' id='word_1_259' title='bbox 1194 2257 1339 2294; x_wconf 88' lang='lat' dir='ltr'>merito</span> <span class='ocrx_word' id='word_1_260' title='bbox 1379 2267 1465 2294; x_wconf 89' lang='lat' dir='ltr'>esse</span> <span class='ocrx_word' id='word_1_261' title='bbox 1501 2255 1657 2294; x_wconf 89' lang='lat' dir='ltr'>debeat.</span> 
     </span>
     <span class='ocr_line' id='line_1_32' title="bbox 153 2324 1658 2378; baseline -0.002 -13"><span class='ocrx_word' id='word_1_262' title='bbox 153 2325 293 2365; x_wconf 81' lang='lat' dir='ltr'>»Adeo</span> <span class='ocrx_word' id='word_1_263' title='bbox 323 2326 430 2365; x_wconf 89' lang='lat' dir='ltr'>enim</span> <span class='ocrx_word' id='word_1_264' title='bbox 461 2339 612 2365; x_wconf 88' lang='lat' dir='ltr'>summa</span> <span class='ocrx_word' id='word_1_265' title='bbox 643 2332 704 2365; x_wconf 89' lang='lat' dir='ltr'>est</span> <span class='ocrx_word' id='word_1_266' title='bbox 733 2327 909 2365; x_wconf 86' lang='lat' dir='ltr'>iustitiae</span> <span class='ocrx_word' id='word_1_267' title='bbox 940 2327 1079 2378; x_wconf 81' lang='lat' dir='ltr'>regula</span> <span class='ocrx_word' id='word_1_268' title='bbox 1119 2325 1190 2364; x_wconf 87' lang='lat' dir='ltr'>Dei</span> <span class='ocrx_word' id='word_1_269' title='bbox 1221 2326 1427 2370; x_wconf 90' lang='lat' dir='ltr'>voluntas,</span> <span class='ocrx_word' id='word_1_270' title='bbox 1467 2330 1511 2363; x_wconf 91' lang='lat' dir='ltr'>ut</span> <span class='ocrx_word' id='word_1_271' title='bbox 1551 2324 1658 2375; x_wconf 88' lang='lat' dir='ltr'>quic-</span> 
     </span>
     <span class='ocr_line' id='line_1_33' title="bbox 154 2394 1658 2447; baseline -0.001 -13"><span class='ocrx_word' id='word_1_272' title='bbox 154 2411 170 2429; x_wconf 69' lang='lat' dir='ltr'>n</span> <span class='ocrx_word' id='word_1_273' title='bbox 184 2396 297 2446; x_wconf 85' lang='lat' dir='ltr'>quid,</span> <span class='ocrx_word' id='word_1_274' title='bbox 327 2408 374 2434; x_wconf 90' lang='lat' dir='ltr'>eo</span> <span class='ocrx_word' id='word_1_275' title='bbox 399 2396 484 2447; x_wconf 89' lang='lat' dir='ltr'>ipso</span> <span class='ocrx_word' id='word_1_276' title='bbox 510 2396 615 2447; x_wconf 89' lang='lat' dir='ltr'>quod</span> <span class='ocrx_word' id='word_1_277' title='bbox 642 2396 744 2440; x_wconf 87' lang='lat' dir='ltr'>vult,</span> <span class='ocrx_word' id='word_1_278' title='bbox 774 2395 924 2434; x_wconf 85' lang='lat' dir='ltr'>iustum</span> <span class='ocrx_word' id='word_1_279' title='bbox 950 2395 1180 2437; x_wconf 86' lang='lat' dir='ltr'>habendum</span> <span class='ocrx_word' id='word_1_280' title='bbox 1207 2396 1269 2433; x_wconf 88' lang='lat' dir='ltr'>sit.</span> <span class='ocrx_word' id='word_1_281' title='bbox 1314 2394 1389 2434; x_wconf 88' lang='lat' dir='ltr'>Ubi</span> <span class='ocrx_word' id='word_1_282' title='bbox 1420 2406 1515 2446; x_wconf 80' lang='lat' dir='ltr'>ergo</span> <span class='ocrx_word' id='word_1_283' title='bbox 1541 2406 1658 2445; x_wconf 88' lang='lat' dir='ltr'>quae·</span> 
     </span>
     <span class='ocr_line' id='line_1_34' title="bbox 155 2461 1660 2517; baseline -0.001 -15"><span class='ocrx_word' id='word_1_284' title='bbox 155 2464 306 2509; x_wconf 88' lang='lat' dir='ltr'>»ritur‚</span> <span class='ocrx_word' id='word_1_285' title='bbox 336 2477 407 2503; x_wconf 87' lang='lat' dir='ltr'>cur</span> <span class='ocrx_word' id='word_1_286' title='bbox 437 2465 492 2503; x_wconf 91' lang='lat' dir='ltr'>ita</span> <span class='ocrx_word' id='word_1_287' title='bbox 521 2465 662 2503; x_wconf 86' lang='lat' dir='ltr'>fecerit</span> <span class='ocrx_word' id='word_1_288' title='bbox 693 2464 819 2510; x_wconf 88' lang='lat' dir='ltr'>Deus,</span> <span class='ocrx_word' id='word_1_289' title='bbox 849 2465 1176 2517; x_wconf 85' lang='lat' dir='ltr'>respondendum</span> <span class='ocrx_word' id='word_1_290' title='bbox 1206 2471 1286 2509; x_wconf 89' lang='lat' dir='ltr'>est,</span> <span class='ocrx_word' id='word_1_291' title='bbox 1317 2465 1408 2516; x_wconf 91' lang='lat' dir='ltr'>quia</span> <span class='ocrx_word' id='word_1_292' title='bbox 1433 2463 1561 2502; x_wconf 86' lang='lat' dir='ltr'>voluit</span> <span class='ocrx_word' id='word_1_293' title='bbox 1581 2461 1660 2513; x_wconf 76' lang='lat'>¹⁹).&#39;&#39;</span> 
     </span>
     <span class='ocr_line' id='line_1_35' title="bbox 155 2531 1661 2586; baseline -0.001 -15"><span class='ocrx_word' id='word_1_294' title='bbox 155 2531 268 2571; x_wconf 89' lang='lat' dir='ltr'>Unde</span> <span class='ocrx_word' id='word_1_295' title='bbox 308 2534 402 2572; x_wconf 90' lang='lat' dir='ltr'>satis</span> <span class='ocrx_word' id='word_1_296' title='bbox 440 2547 637 2586; x_wconf 90' lang='lat' dir='ltr'>superque</span> <span class='ocrx_word' id='word_1_297' title='bbox 677 2535 895 2579; x_wconf 86' lang='lat' dir='ltr'>evincitur,</span> <span class='ocrx_word' id='word_1_298' title='bbox 934 2534 1141 2573; x_wconf 88' lang='lat' dir='ltr'>hominum</span> <span class='ocrx_word' id='word_1_299' title='bbox 1175 2534 1215 2572; x_wconf 91' lang='lat' dir='ltr'>in</span> <span class='ocrx_word' id='word_1_300' title='bbox 1256 2546 1302 2572; x_wconf 87' lang='lat' dir='ltr'>ea</span> <span class='ocrx_word' id='word_1_301' title='bbox 1342 2546 1385 2572; x_wconf 90' lang='lat' dir='ltr'>re</span> <span class='ocrx_word' id='word_1_302' title='bbox 1415 2538 1581 2571; x_wconf 89' lang='lat' dir='ltr'>conatus</span> <span class='ocrx_word' id='word_1_303' title='bbox 1610 2543 1661 2569; x_wconf 87' lang='lat' dir='ltr'>ne</span> 
     </span>
     <span class='ocr_line' id='line_1_36' title="bbox 156 2601 1662 2655; baseline -0.001 -16"><span class='ocrx_word' id='word_1_304' title='bbox 156 2601 358 2640; x_wconf 89' lang='lat' dir='ltr'>tantillum</span> <span class='ocrx_word' id='word_1_305' title='bbox 388 2604 548 2655; x_wconf 89' lang='lat' dir='ltr'>quidem</span> <span class='ocrx_word' id='word_1_306' title='bbox 577 2604 733 2647; x_wconf 85' lang='lat' dir='ltr'>valere,</span> <span class='ocrx_word' id='word_1_307' title='bbox 773 2604 952 2655; x_wconf 86' lang='lat' dir='ltr'>adeoque</span> <span class='ocrx_word' id='word_1_308' title='bbox 992 2617 1042 2642; x_wconf 90' lang='lat' dir='ltr'>ne</span> <span class='ocrx_word' id='word_1_309' title='bbox 1084 2605 1158 2643; x_wconf 80' lang='lat' dir='ltr'>vel‘</span> <span class='ocrx_word' id='word_1_310' title='bbox 1186 2603 1456 2654; x_wconf 84' lang='lat' dir='ltr'>quamtumvis</span> <span class='ocrx_word' id='word_1_311' title='bbox 1488 2601 1662 2645; x_wconf 87' lang='lat' dir='ltr'>assidua,</span> 
     </span>
     <span class='ocr_line' id='line_1_37' title="bbox 156 2664 1662 2723; baseline -0.002 -14"><span class='ocrx_word' id='word_1_312' title='bbox 156 2683 254 2722; x_wconf 89' lang='lat' dir='ltr'>pura</span> <span class='ocrx_word' id='word_1_313' title='bbox 271 2678 311 2709; x_wconf 89' lang='lat' dir='ltr'>et</span> <span class='ocrx_word' id='word_1_314' title='bbox 341 2671 381 2709; x_wconf 89' lang='lat' dir='ltr'>in</span> <span class='ocrx_word' id='word_1_315' title='bbox 412 2664 658 2723; x_wconf 66' lang='lat' dir='ltr'>suo&#39;genere</span> <span class='ocrx_word' id='word_1_316' title='bbox 689 2671 863 2723; x_wconf 85' lang='lat' dir='ltr'>perfecta</span> <span class='ocrx_word' id='word_1_317' title='bbox 894 2671 996 2710; x_wconf 72' lang='lat' dir='ltr'>verbi</span> <span class='ocrx_word' id='word_1_318' title='bbox 1021 2671 1277 2722; x_wconf 72' lang='lat' dir='ltr'>praedicatio,</span> <span class='ocrx_word' id='word_1_319' title='bbox 1306 2684 1437 2722; x_wconf 90' lang='lat' dir='ltr'>neque</span> <span class='ocrx_word' id='word_1_320' title='bbox 1470 2676 1662 2722; x_wconf 86' lang='lat' dir='ltr'>perpetua</span> 
     </span>
     <span class='ocr_line' id='line_1_38' title="bbox 157 2737 1662 2782; baseline -0.001 -5"><span class='ocrx_word' id='word_1_321' title='bbox 157 2747 197 2778; x_wconf 92' lang='lat' dir='ltr'>et</span> <span class='ocrx_word' id='word_1_322' title='bbox 237 2739 286 2777; x_wconf 89' lang='lat' dir='ltr'>ad</span> <span class='ocrx_word' id='word_1_323' title='bbox 325 2738 471 2777; x_wconf 84' lang='lat' dir='ltr'>Christi</span> <span class='ocrx_word' id='word_1_324' title='bbox 510 2739 740 2778; x_wconf 88' lang='lat' dir='ltr'>mandatum</span> <span class='ocrx_word' id='word_1_325' title='bbox 775 2738 959 2777; x_wconf 88' lang='lat' dir='ltr'>instituta</span> <span class='ocrx_word' id='word_1_326' title='bbox 994 2737 1327 2778; x_wconf 60' lang='lat' dir='ltr'>Sacramentorzmt</span> <span class='ocrx_word' id='word_1_327' title='bbox 1357 2737 1662 2782; x_wconf 75' lang='lat' dir='ltr'>administratio,</span> 
     </span>
    </p>
   </div>
   <div class='ocr_carea' id='block_1_3' title="bbox 196 2903 915 3001">
    <p class='ocr_par' dir='ltr' id='par_1_3' title="bbox 196 2903 915 3001">
     <span class='ocr_line' id='line_1_39' title="bbox 196 2903 721 2947; baseline 0 -11"><span class='ocrx_word' id='word_1_328' title='bbox 196 2904 236 2946; x_wconf 69' lang='grc' dir='ltr'>1Β)</span> <span class='ocrx_word' id='word_1_329' title='bbox 262 2913 396 2942; x_wconf 76' lang='lat' dir='ltr'>CICERO,</span> <span class='ocrx_word' id='word_1_330' title='bbox 422 2904 460 2936; x_wconf 81' lang='lat' dir='ltr'>de</span> <span class='ocrx_word' id='word_1_331' title='bbox 484 2903 593 2947; x_wconf 66' lang='lat' dir='ltr'>officiis</span> <span class='ocrx_word' id='word_1_332' title='bbox 616 2903 642 2935; x_wconf 86' lang='lat'>1.</span> <span class='ocrx_word' id='word_1_333' title='bbox 667 2904 721 2936; x_wconf 81' lang='lat'>41.</span> 
     </span>
     <span class='ocr_line' id='line_1_40' title="bbox 197 2958 915 3001; baseline -0.003 -7"><span class='ocrx_word' id='word_1_334' title='bbox 197 2960 237 3001; x_wconf 86' lang='lat'>¹⁹)</span> <span class='ocrx_word' id='word_1_335' title='bbox 262 2961 343 2994; x_wconf 74' lang='lat' dir='ltr'>Inst.</span> <span class='ocrx_word' id='word_1_336' title='bbox 368 2958 432 2991; x_wconf 92' lang='lat' dir='ltr'>III.</span> <span class='ocrx_word' id='word_1_337' title='bbox 457 2958 510 2991; x_wconf 82' lang='lat'>23.</span> <span class='ocrx_word' id='word_1_338' title='bbox 536 2958 566 2990; x_wconf 81' lang='lat'>2.</span> <span class='ocrx_word' id='word_1_339' title='bbox 590 2958 628 2992; x_wconf 82' lang='lat' dir='ltr'>cf.</span> <span class='ocrx_word' id='word_1_340' title='bbox 652 2958 715 2991; x_wconf 86' lang='lat'>111.</span> <span class='ocrx_word' id='word_1_341' title='bbox 740 2958 797 2996; x_wconf 74' lang='lat'>23,</span> <span class='ocrx_word' id='word_1_342' title='bbox 824 2958 860 2995; x_wconf 86' lang='lat'>5,</span> <span class='ocrx_word' id='word_1_343' title='bbox 886 2958 915 2992; x_wconf 86' lang='grc'>6.</span> 
     </span>
    </p>
   </div>
  </div>
 </body>
</html>
