1849 3239
886 85 963 124 458

176 218 350 270 syllogae
386 218 552 257 sormam
589 218 789 257 redactam
827 217 929 256 hanc
966 217 1240 256 ministrorum
1278 218 1319 256 in
1358 216 1469 257 Lasci
1497 218 1671 258 Ecclesia

177 287 430 326 divisionem:

311 423 481 463 Ministri
510 424 631 463 verbi.
864 423 1002 462 Gladii.
1275 423 1524 464 Tabularum.

312 563 345 600 l.
377 561 561 600 Seniores
774 563 809 600 2.
839 561 1104 614 Magistratus.
1283 562 1317 600 3.
1348 561 1538 603 Diaconi„

0 648 243 698 Wa'fl‘csszsss
379 641 413 668 a.
443 629 625 668 Ministri.

51 702 84 749 32
101 712 241 752 5214„
368 691 409 738 f
445 716 479 737 α.
510 698 860 750 Superintendens.

0 786 27 825 ’,χ
53 795 94 826 a<
125 785 259 832 ‘4422
277 814 287 818 ‚
447 769 482 817 β.
512 767 693 807 Ministri.

0 803 244 892 WAJJW
388 837 419 875 b.
451 836 690 889 Presbyteri.

0 917 108 954 §lss'ntt
142 919 270 989 ἢηΰξ

0 1005 198 1030 ,amm
642 974 668 1028 ᾗ
699 975 733 1013 3.
791 974 1052 1013 Ministrorzmz
1080 974 1216 1012 electio.

0 1057 88 1102 ἦύο
116 1050 298 1102 &0954ssae

0 1138 54 1167 02:
80 1122 196 1173 ὤμῳ
235 1113 345 1152 Serie
374 1114 621 1164 inquiramus
651 1113 805 1164 quales,
836 1126 854 1151 a
887 1107 1029 1164 quibus
1059 1112 1276 1164 quomodo,
1303 1119 1343 1151 et
1368 1113 1511 1164 quibus
1535 1112 1678 1150 ritibus

0 1219 60 1237 Q,
87 1208 161 1235 M„
182 1183 356 1234 eligendi
388 1184 477 1221 sint.
510 1196 541 1220 a.
576 1182 725 1228 Quales.
782 1183 828 1220 In
864 1183 1051 1221 universo
1076 1183 1298 1221 istiusmodi
1323 1182 1504 1221 homines
1528 1181 1678 1241 requiri

7 1251 321 1318 ffmfza-ijstatuit
360 1258 514 1295 noster,
555 1252 621 1301 qui
662 1268 676 1284 n
692 1251 731 1288 in
772 1248 900 1289 Sacris
939 1251 1081 1289 studiis
1121 1251 1335 1303 diligenter
1364 1253 1531 1296 versati,
1561 1251 1680 1290 certis

0 1323 200 1362 -ῖᾰιέω-Ϋ»
215 1332 331 1359 verae
372 1320 531 1372 pietatis
571 1319 729 1365 officiis,
760 1332 805 1358 ea
835 1332 875 1358 se
907 1321 1035 1359 omnia
1066 1328 1266 1371 praestare
1297 1327 1337 1359 et
1366 1319 1466 1359 velle
1497 1327 1537 1359 et
1566 1332 1678 1372 posse

0 1386 125 1441 ,amb
184 1395 416 1440 »utcunque
455 1388 705 1432 declarant,''
749 1401 848 1440 quae
888 1401 936 1427 ex
976 1390 1211 1427 auctoritate
1251 1388 1448 1428 Ecclesiae
1488 1390 1680 1428 ministris

6 1457 170 1501 ,vl-W,
183 1458 424 1497 mandantur
441 1457 479 1510 1).
536 1455 719 1508 Inprimis
749 1457 969 1495 cavendum
998 1464 1154 1501 monet,
1205 1470 1283 1495 »ne
1317 1456 1550 1508 Neophytae
1576 1469 1680 1496 assu·

0 1540 23 1546 -
183 1533 392 1571 »mantum
436 1532 503 1564 aut
543 1526 660 1569 tales,
691 1525 758 1577 qui
789 1526 916 1577 turpis
946 1526 1062 1571 lucri,
1102 1532 1170 1564 aut
1200 1526 1379 1577 propriae
1410 1527 1558 1578 gloriae
1589 1538 1682 1564 suae

183 1608 327 1634 »causa
371 1608 456 1634 sese
495 1595 700 1634 insinuant
726 1595 792 1648 2).”
858 1594 1036 1647 Denique
1075 1595 1272 1634 Ecclesiae
1312 1596 1496 1634 electioni
1525 1597 1682 1635 interna

183 1666 337 1703 vocatio
363 1665 524 1703 accedat
550 1678 710 1704 necesse
727 1672 809 1710 est,
837 1673 1078 1717 quapropter
1095 1666 1327 1717 designatus
1343 1672 1526 1717 rogatur:
1557 1664 1682 1704 »Sen-

184 1736 317 1773 »tisne
358 1735 561 1773 internum
601 1735 763 1786 spiritus
798 1736 869 1773 scti
900 1736 940 1773 in
971 1736 1087 1774 corde
1121 1743 1188 1774 tuo
1219 1735 1415 1780 afflatum,
1444 1735 1684 1774 excitantem

184 1812 249 1843 »te
294 1804 343 1843 ad
386 1804 679 1855 suscipiendum
723 1804 763 1842 in
806 1803 880 1842 hac
927 1804 1122 1861 Ecclesia.
1155 1805 1330 1844 delatum
1384 1805 1455 1843 tibi
1507 1805 1684 1843 ministe-

187 1874 318 1911 »rium
337 1873 403 1926 3).”
443 1873 477 1911 b.
509 1873 539 1910 A
569 1873 702 1924 quibus
731 1874 918 1923 quomodo.
977 1873 1017 1912 Si
1043 1874 1111 1925 qui
1141 1864 1381 1912 ministri'in
1412 1873 1587 1912 Ecclesia
1616 1874 1684 1911 cli-

185 1941 304 1993 gendi
335 1948 444 1986 sunt,
484 1941 680 1992 »quisque
711 1941 752 1978 in
774 1939 948 1978 Ecclesia
975 1941 1078 1979 serio
1105 1953 1236 1979 secum
1263 1941 1463 1992 dispiciat,
1493 1954 1684 1993 quosnam

186 2011 264 2049 »ad
303 2011 401 2049 illud
440 2010 707 2048 ministerium
746 2010 915 2048 maxime
946 2010 1065 2048 utiles
1094 2016 1211 2061 atque
1243 2010 1406 2048 idoneos
1437 2023 1521 2049 csse
1553 2017 1685 2061 putet,

187 2080 454 2130 »nominaque
494 2092 630 2117 eorum
671 2079 711 2116 in
751 2079 898 2130 scripto
936 2079 1128 2117 ministris
1157 2092 1201 2117 ac
1231 2078 1459 2118 Senioribus
1488 2079 1684 2118 Ecclesiae

188 2150 348 2188 »tradat
365 2148 438 2201 4)‚''
469 2149 535 2200 qui
566 2148 822 2199 deinceps-in
853 2160 1038 2186 consessu
1069 2161 1139 2186 suo
1170 2148 1288 2187 variis
1312 2149 1490 2187 lustratis
1516 2149 1686 2188 scedulis

187 2230 325 2257 eorum
363 2218 522 2256 nomina
563 2224 775 2261 annotant,
820 2218 887 2268 qui
917 2218 1097 2268 plurimis
1127 2216 1324 2256 Ecclesiae
1354 2218 1554 2270 suffragiis
1583 2231 1685 2257 com-

187 2287 439 2326 mendantur.
503 2285 564 2324 Ex
602 2286 677 2324 hoc
718 2292 851 2324 autem
890 2298 1055 2324 numero
1094 2286 1239 2337 singuli
1279 2286 1455 2324 seniores
1494 2286 1559 2324 alii
1598 2293 1685 2337 post

190 2357 286 2395 alios
326 2369 441 2394 suum
475 2356 641 2406 quisque
673 2354 906 2406 suffragium
936 2354 1092 2398 serunt,
1121 2361 1161 2392 et
1191 2355 1296 2392 salva
1326 2353 1524 2392 Ecclesiae
1555 2361 1686 2393 aucto·

189 2427 306 2465 ritate
333 2437 402 2477 pro
429 2431 623 2476 potestate
650 2424 723 2462 sibi
749 2436 932 2462 concessa
957 2424 1181 2462 ministrum
1210 2424 1374 2475 eligunt.
1420 2423 1528 2462 Tunc
1554 2430 1685 2462 autem

190 2497 349 2534 nomina
389 2496 604 2533 electorum
640 2494 794 2546 publice
824 2494 865 2531 in
895 2494 1083 2531 concione
1114 2493 1353 2538 recitantur,
1383 2500 1424 2531 ct
1453 2493 1526 2531 toti
1555 2492 1687 2531 Eccle-

200 2565 279 2604 siae
317 2564 436 2603 unius
472 2562 734 2601 hebdomadis
764 2563 933 2614 spatium
964 2561 1216 2607 conceditur,
1255 2570 1299 2600 ut
1329 2563 1389 2600 »si
1420 2563 1509 2614 quis
1538 2562 1686 2613 aliquid

248 2759 272 2799 1)
295 2760 407 2791 Forma
430 2769 469 2790 ae
490 2761 552 2790 rai.
576 2758 648 2789 min.
672 2757 769 2789 Lond.
794 2768 823 2799 p.
851 2771 879 2789 κ.
1058 2757 1083 2797 2)
1108 2757 1155 2789 Ib.

247 2814 272 2854 3)
298 2813 344 2845 Ib.
373 2825 402 2855 p.
427 2813 477 2845 32.
506 2812 542 2843 de
568 2811 745 2844 Senioribus
770 2822 801 2853 p.
826 2811 879 2843 43.
907 2811 943 2842 de
971 2811 1117 2843 Diaconis
1140 2823 1170 2854 p.
1195 2813 1245 2845 50.
1271 2813 1318 2845 Cf.
1340 2814 1397 2856 Ep.
1417 2814 1460 2846 ad
1478 2814 1556 2846 Dav.
1578 2815 1684 2855 Geor-51.

198 2870 276 2909 (Ser.
299 2871 364 2900 ant.
389 2867 452 2900 III.
476 2869 521 2899 1³.
547 2867 622 2907 505)
649 2867 694 2898 ad
714 2866 843 2899 eumdem
870 2865 922 2905 (ib.
947 2866 1020 2909 III..
1035 2868 1080 2898 1³.
1107 2868 1192 2906 509.)

249 2924 274 2964 4)
298 2925 410 2955 Forma
431 2933 470 2954 ac
491 2925 552 2954 rat.
576 2923 649 2954 min.
673 2922 770 2953 Lond.
793 2932 824 2963 p.
850 2921 903 2952 20.
1111 2925 1115 2929 '
1214 2927 1216 2929 ’
