1879 3239
1630 92 1652 118 V

153 218 278 262 redit,
329 215 626 268 philosophicae
669 214 719 253 de
763 212 938 252 Ecclesia
982 211 1230 264 inquisitioni
1283 210 1474 250 historiae
1516 212 1656 251 funda-

151 292 332 326 mentum
376 285 641 324 substruatur.
708 282 855 328 Quodsi
909 282 1002 321 satis
1046 287 1181 333 aperte
1221 286 1393 325 constat,
1440 279 1657 320 Ecclesiam

155 355 204 394 ad
245 355 353 393 hunc
396 367 522 406 usque
566 354 672 393 diem
716 352 871 391 notioni
931 363 1024 390 suae
1082 350 1200 388 ideali
1244 349 1494 401 respondisse
1545 362 1658 387 num-

154 435 293 475 quam,
359 424 428 462 sed
479 425 598 463 fuisse
642 428 779 461 contra
822 421 949 473 magis
994 420 1175 459 minusve
1220 431 1291 470 pro
1335 410 1524 470 temporis
1566 418 1660 456 rati-

154 505 229 532 one
282 492 455 532 debilem
505 505 547 531 ae
591 504 751 544 pravam
793 490 914 529 huius
958 490 1098 528 idealis
1138 489 1313 527 notionis
1352 487 1660 540 apparitionem,

154 568 195 600 et
247 561 324 600 iam
372 563 532 601 circiter
574 561 784 600 dimidium
828 560 974 598 saeculi
1015 559 1179 597 secundi
1210 557 1407 596 Ecclesiae
1437 568 1581 594 nomen
1612 554 1662 593 ab

155 629 329 669 Ecclesia
372 629 571 669 Catholica
616 642 662 668 ea
705 629 861 667 ratione
907 633 1140 678 occupatum
1176 638 1279 670 esse,
1321 631 1365 663 ut
1395 623 1555 663 nonnisi
1580 628 1662 661 tur·

155 698 288 737 hidam
337 698 483 738 dehinc
520 698 736 742 Ecclesiae,
775 696 934 749 proprie
987 695 1042 734 sic
1081 694 1228 738 dictae,
1278 693 1493 745 imaginem
1546 690 1662 730 nobis

155 774 450 819 repraesentet,
489 790 541 796 -
580 767 782 818 sequitur,
829 778 910 804 non
947 764 1024 803 hoc
1071 769 1229 802 tantum
1277 762 1468 801 historiae
1502 760 1663 800 manda-

153 842 242 880 ,tum
281 847 367 874 esse
408 834 601 879 officium,
639 840 684 873 ut
723 833 943 877 Ecclesiae,
983 844 1083 883 quac
1114 830 1342 875 dicebatur,
1373 831 1453 869 sata
1483 835 1664 874 enarret,

157 905 228 943 sed
266 917 361 944 vero
401 917 557 943 omnem
597 903 797 942 Ecclesiae
832 903 944 941 ideae
975 901 1282 952 explicationem
1311 900 1426 938 nobis
1456 912 1575 951 quam
1604 911 1664 939 ac-

158 973 407 1012 curatissime
437 973 605 1016 reserat,
635 985 734 1023 quae
763 982 856 1009 mox
892 969 1083 1021 typicam,
1113 982 1190 1020 qua
1221 969 1343 1007 semel
1374 969 1527 1021 signata
1558 975 1665 1014 erat,

159 1042 325 1081 sormam
360 1048 516 1093 egressa
555 1041 593 1079 vi
632 1040 752 1078 insita
781 1038 950 1077 ulterius
978 1037 1020 1075 in
1049 1037 1278 1076 mortalium
1308 1050 1454 1088 genere
1485 1050 1569 1076 sese
1600 1050 1665 1076 ex-

161 1112 298 1151 seruit.
328 1110 564 1148 Praesertim
593 1122 612 1146 a
638 1096 935 1147 reformationis
960 1106 1054 1145 inde
1080 1113 1258 1158 tempore
1293 1119 1411 1157 quam
1445 1106 1666 1158 diligentis·

160 1180 257 1217 sime
279 1178 472 1216 Ecclesiae
493 1177 666 1216 notionis
683 1177 894 1229 explicatio
920 1176 1205 1227 investigetur,
1231 1181 1275 1214 ut
1299 1188 1497 1220 errorum,
1522 1175 1668 1226 quibus

159 1247 354 1292 hodierna
379 1246 554 1285 Ecclesia
578 1246 753 1291 laboret,
783 1246 987 1298 aperiatur
1012 1245 1120 1289 sons,
1150 1251 1190 1283 et
1215 1257 1411 1295 quaenam
1435 1244 1582 1282 frustra
1606 1255 1667 1282 re·

159 1315 394 1355 formatores
434 1317 474 1354 in
514 1316 686 1355 Ecclesia
725 1315 1006 1354 constituenda
1046 1314 1152 1352 tueri
1191 1314 1322 1352 conati
1353 1314 1454 1358 sint,
1493 1312 1666 1352 dilucide

161 1384 275 1423 nobis
314 1391 512 1437 appareat.
570 1384 670 1430 Quia
708 1391 842 1423 tamen
880 1384 1023 1423 nullibi
1054 1383 1196 1422 melius
1225 1395 1343 1434 quam
1372 1382 1668 1420 reformationis

160 1460 338 1505 tempore
381 1453 579 1493 Ecclesiae
624 1454 762 1493 idealis
805 1454 981 1493 notionis
1025 1453 1235 1505 explicatio
1280 1452 1329 1490 ab
1373 1458 1539 1490 externa
1581 1452 1668 1490 eius

162 1524 409 1575 apparitione
439 1524 616 1575 dignosci
634 1530 764 1574 potest
781 1530 900 1574 atque
926 1523 1123 1566 discerni,
1149 1529 1190 1560 et
1212 1528 1346 1560 tamen
1372 1521 1413 1559 in
1439 1520 1674 1572 dogmaticis

164 1592 246 1645 suis
273 1592 322 1630 de
353 1591 551 1631 Ecclesiae
583 1593 747 1631 notione
777 1593 958 1631 formulis
988 1591 1279 1631 constituendis
1309 1590 1410 1629 nihil
1440 1591 1522 1629 sere
1554 1603 1575 1628 a
1605 1588 1678 1627 Ro-

163 1660 420 1699 manensibus
468 1660 762 1700 Reformatores
806 1661 1020 1706 differunt,
1057 1666 1197 1712 sponte
1237 1661 1277 1698 in
1319 1660 1452 1699 oculos
1490 1658 1679 1703 incurrit,

166 1742 284 1780 quam
323 1743 461 1781 parum
501 1731 651 1782 privam
692 1743 831 1769 corum
871 1744 913 1769 ac
944 1730 1144 1782 propriam
1174 1729 1416 1768 sententiam
1446 1727 1680 1780 dispiciant,

165 1799 233 1849 qui
262 1799 303 1836 in
328 1799 509 1837 formulis
531 1799 757 1839 istiusmodi
783 1801 1052 1850 acquiescunt.
1099 1797 1174 1843 Qui
1200 1798 1301 1836 scire
1327 1799 1456 1850 cupit,
1486 1808 1680 1848 quaenam

164 1867 337 1917 genuina
376 1867 694 1907 Protestantismi
734 1869 929 1907 Ecclesiae
968 1868 1080 1906 notio
1121 1867 1194 1911 sit,
1234 1853 1373 1906 sedulo
1413 1866 1680 1917 undecunque

166 1936 348 1988 colligat,
379 1937 568 1988 quicquid
598 1937 845 1976 haesitanter
876 1936 1045 1975 subinde
1077 1936 1126 1975 de
1157 1934 1357 1974 Ecclesiae
1395 1936 1559 1974 notione
1595 1946 1681 1986 pro-

169 2005 336 2044 tulerint
375 2005 694 2051 Resormatores‚
725 2013 785 2051 et,
826 2006 1015 2057 quoniam
1045 2005 1188 2044 melius
1217 2005 1258 2043 in
1283 2004 1457 2044 Ecclesia
1482 2003 1680 2043 constitu-

169 2075 293 2120 enda,
323 2088 441 2126 quam
471 2076 513 2114 in
544 2076 769 2128 dogmatice
800 2088 846 2114 ea
868 2074 1118 2119 definienda,
1148 2080 1325 2113 mentem
1348 2087 1459 2113 suam
1484 2073 1682 2125 explicue-

169 2149 285 2188 runt,
302 2156 459 2183 omnem
476 2144 694 2189 Ecclesiae,
711 2157 828 2196 quam
846 2144 1133 2188 condiderunt,
1151 2144 1421 2195 organismum
1437 2155 1555 2194 quam
1572 2154 1683 2180 accu-

169 2213 366 2252 ratissime
383 2221 657 2266 perscrutetur
680 2214 728 2266 8);
760 2213 942 2265 inprimis
967 2219 1101 2251 autem
1128 2225 1289 2258 eorum,
1324 2213 1391 2264 qui
1418 2211 1683 2252 secundarum

169 2281 460 2333 tertiarumque
500 2283 541 2320 in
577 2293 781 2321 sacrorum
816 2280 1097 2319 emendatione
1135 2280 1308 2332 partium
1339 2287 1492 2319 actores
1521 2281 1684 2320 exstite-

170 2356 286 2396 runt,
325 2351 374 2390 de
414 2350 589 2390 Ecclesia
624 2351 843 2390 sententias
880 2349 1128 2402 penitissime
1166 2356 1398 2402 cognoscat,
1428 2350 1520 2401 quia
1549 2362 1684 2389 rerum

211 2539 237 2580 8)
262 2540 302 2572 In
329 2541 461 2574 Lutheri
490 2542 528 2574 de
554 2542 696 2575 Ecclesia
727 2540 885 2574 sententia
912 2540 1152 2584 pervestiganda
1184 2538 1312 2571 eandem
1339 2539 1424 2570 viam
1450 2539 1610 2580 ingressus
1637 2540 1685 2570 est

177 2596 328 2634 KosTmN,
352 2596 498 2629 Luther’s
529 2599 630 2630 Lelm'e
653 2610 711 2630 von
741 2598 797 2630 der
820 2598 949 2629 Kirehe.
974 2597 1132 2638 Stuttgart
1154 2595 1237 2627 1853
1251 2619 1260 2632 ,
1291 2594 1344 2637 qui
1368 2594 1443 2636 ipse—
1463 2594 1554 2626 dicit:
1603 2593 1685 2632 „Die

179 2652 428 2692 „gegenwartige
456 2652 572 2684 Schrist
599 2653 655 2685 hat
681 2653 741 2684 den
770 2652 879 2684 Zweck
896 2678 902 2685 .
922 2677 951 2685 ..
982 2652 1042 2683 mit
1069 2649 1274 2692 maglichster
1302 2649 1512 2690 Genauigkeit
1540 2659 1596 2680 aus
1622 2649 1685 2680 Lu—

177 2702 295 2739 „thcr's
341 2706 497 2737 Schriften
545 2707 699 2748 diejenige
754 2706 1069 2747 Grundansehauung
1107 2716 1168 2738 von
1209 2704 1263 2736 der
1302 2704 1415 2736 Kirche
1454 2702 1685 2742 darzustessm,

181 2757 316 2792 „welche
344 2760 416 2791 dem
439 2771 568 2801 grossen
594 2762 790 2793 Reformator
819 2762 873 2793 der
897 2761 1015 2793 Kirche
1038 2761 1127 2802 eigen
1155 2770 1236 2797 war,
1261 2759 1326 2790 und
1348 2759 1403 2790 ihn
1427 2758 1476 2790 bei
1500 2757 1544 2790 all
1567 2758 1685 2789 seinem

182 2812 325 2847 „Lehren
352 2815 416 2846 und
436 2815 567 2846 Wirken
589 2816 717 2857 geleitet
738 2816 804 2847 und
829 2815 928 2848 belebt
951 2815 1039 2849 hat?
1063 2817 1093 2848 S.
1119 2815 1148 2847 2.
1195 2815 1238 2846 Et
1260 2824 1333 2845 sane
1359 2813 1609 2845 Lutheranorum
1631 2812 1687 2844 Ec-

177 2866 290 2899 clesiae
321 2869 422 2902 multo
445 2870 548 2911 magis
575 2881 670 2912 parvo
693 2882 749 2903 suo
771 2870 882 2903 libello
905 2871 1040 2914 profuit,
1066 2880 1159 2912 quam
1186 2869 1289 2908 Labe,
1314 2867 1458 2901 Delitsch
1486 2870 1517 2901 et
1544 2866 1685 2900 Kliesoth

178 2921 315 2964 copiosis
338 2924 404 2956 suis
428 2923 711 2960 lucubrationibus.
