1849 3239
950 93 1000 130 68

235 239 344 265 erum
384 226 596 269 definiunt,
638 233 730 265 ante
772 225 900 264 omnia
933 224 1149 262 tenendum
1181 228 1261 266 est,
1328 221 1480 260 »Deum
1511 222 1720 274 repudiare

235 312 251 330 »
266 308 422 335 omnem
443 298 798 347 ἑθελοθρησκείαν,
829 306 950 345 quae,
981 301 1182 343 utcunque
1208 292 1377 343 speciem
1404 291 1546 330 habeat
1571 291 1721 342 sapien-

235 365 365 410 »tiae‚
404 367 493 417 quia
535 373 663 404 tamen
703 363 850 416 pendet
886 375 933 400 ex
969 362 1174 400 hominum
1213 360 1387 412 placitis,
1427 360 1626 399 evanescit
1642 358 1724 412 2‘³).”

238 432 339 473 Sunt
377 434 501 485 igitur
538 435 579 472 in
618 432 911 473 abominatione
950 431 1156 470 habendae
1215 429 1365 468 »verbo
1405 428 1474 468 Dci
1505 429 1731 468 contrariae-

239 488 575 541 »constitutiones
615 514 770 546 omnes,
819 514 919 552 quae
959 501 1007 539 ad
1046 512 1184 539 verum
1225 498 1293 537 Dei
1333 499 1483 537 cultum
1521 499 1729 550 finguntur

240 587 256 605 »
270 572 491 623 pertinere,
521 577 560 610 et
587 571 730 621 quibus
755 570 958 609 servandis
974 569 1238 608 conscientiae
1256 567 1484 619 obligantur
1500 568 1582 620 2⁷).'’
1625 568 1729 614 Quas

240 647 372 679 autem
406 640 580 679 secundo
618 640 705 678 loco
739 640 870 691 posuit
903 645 1040 677 noster
1073 638 1400 681 constitutiones,
1458 638 1584 677 »tales
1614 650 1731 677 nemo

241 709 422 747 »sobrius
458 722 536 748 non
573 709 766 748 fatebitur
804 716 845 747 et
879 709 966 746 iure
995 708 1090 746 ferri
1121 707 1169 745 ab
1199 706 1372 746 Ecclesia
1402 713 1442 745 et
1473 707 1521 745 ab
1551 707 1732 746 omnibus

240 778 343 829 »piis
372 779 585 817 servandas
615 791 699 817 esse
716 778 798 832 28).”
827 801 878 806 —
907 777 960 816 3⁰.
990 776 1218 815 Iarisdictio.
1262 776 1578 815 »Iurisdictionis
1607 784 1734 828 potes-

241 853 330 884 »tas
366 846 466 885 nihil
497 848 605 886 aliud
638 854 719 892 cst,
759 860 876 899 quam
909 846 1005 885 ordo
1035 851 1283 897 comparatus
1314 845 1363 884 ad
1393 845 1609 897 spiritualis
1638 845 1734 897 poli—

241 916 347 953 »tiae
374 919 715 957 conservationem
728 916 819 970 2⁹)‚”
844 929 961 968 quem
985 917 1026 954 in
1051 914 1224 953 Ecclesia
1250 915 1332 966 ipse
1348 914 1527 953 Christus
1542 914 1738 959 instituit,

241 997 363 1035 quum
403 987 572 1025 clavium
611 993 848 1038 potestatem
889 987 923 1024 ei
964 985 1159 1024 commisit
1176 984 1232 1037 ³⁰).
1277 982 1345 1022 Est
1376 997 1420 1022 ea
1451 990 1625 1035 potestas
1654 996 1738 1035 pas-

244 1054 398 1093 toribus
437 1068 515 1094 una
547 1068 635 1094 cum
667 1055 890 1095 senioribus
920 1054 1135 1094 deserenda
1152 1054 1218 1106 31),
1258 1054 1325 1105 qui
1369 1059 1532 1092 »tamen
1562 1065 1642 1091 non
1672 1052 1740 1091 ha-

245 1121 372 1161 »bent
398 1123 458 1162 ius
485 1124 628 1176 gladii,
658 1136 737 1163 non
764 1123 976 1175 imperium
989 1142 1003 1166 ‚¹
1028 1134 1108 1160 non
1135 1133 1333 1165 carceres,
1355 1133 1433 1159 non
1457 1126 1603 1172 poenas
1628 1122 1740 1167 alias,

245 1205 375 1244 »quae
415 1193 545 1232 solent
584 1191 757 1244 inssigari
798 1206 818 1231 a
847 1193 1084 1244 magistratu
1101 1190 1166 1244 32);
1206 1191 1275 1229 sed
1304 1190 1380 1229 hoc
1411 1197 1566 1229 tantum
1597 1197 1742 1243 agunt,

246 1268 321 1300 »ut
351 1262 574 1301 voluntaria
605 1262 868 1314 castigatione
899 1260 1184 1313 poenitentiam
1217 1259 1475 1311 profiteatur,
1512 1255 1578 1311 qdi
1609 1273 1742 1312 pecca-

249 1331 437 1384 »vit³³).''
495 1330 721 1369 Istiusmodi
761 1337 893 1369 autem
933 1330 1150 1369 auctoritas
1187 1329 1335 1367 deferri
1372 1329 1419 1366 iis
1458 1329 1599 1373 debet,
1639 1330 1745 1380 quod

246 1399 473 1439 »Ecclesiae
499 1400 650 1438 iudices
681 1412 814 1439 errare
837 1405 1066 1450 nequeunt,
1095 1399 1167 1436 nec
1197 1410 1217 1435 a
1245 1396 1313 1434 Dei
1339 1396 1487 1435 iudicio
1512 1397 1746 1444 dissentire,

247 1470 367 1521 »quia
407 1470 567 1508 nonnisi
607 1480 653 1507 ex
693 1469 782 1520 lege
822 1467 892 1507 Dei
923 1468 1123 1512 iudicant,
1162 1479 1261 1518 quae
1293 1472 1427 1505 sancta
1464 1466 1533 1505 Dei
1563 1468 1747 1507 voluntas

247 1545 357 1584 »est,
387 1544 428 1577 et
459 1539 661 1578 oraculum
691 1536 962 1590 coeleste3‘1).’'

596 1675 622 1729 §
653 1676 687 1714 7.
745 1673 1003 1714 Ecclesiastici
1031 1672 1229 1725 regyiminis
1258 1673 1400 1726 officia,

307 1813 536 1853 »Doctorum
570 1813 741 1852 officium
777 1813 947 1854 similem
983 1812 1066 1850 fere
1106 1812 1303 1850 rationem
1343 1818 1383 1850 et
1424 1824 1546 1850 unum
1587 1824 1748 1864 prorsus

253 1903 270 1921 >›
285 1884 405 1924 finem
439 1883 562 1922 habet
603 1895 646 1921 ac
676 1894 820 1937 munus
850 1880 1124 1933 propheticum
1144 1880 1211 1934 ¹),’'
1251 1887 1368 1932 atque
1428 1894 1478 1919 »a
1508 1880 1620 1919 verbi
1651 1881 1750 1920 adeo

253 1954 477 1994 ministerio
503 1960 543 1992 et
568 1959 906 1992 sacramentorum
932 1951 1275 1990 administratione
1301 1951 1500 1990 abstinere
1517 1951 1574 2003 2)''
1602 1950 1751 1989 debent

257 2025 459 2069 doctores,
499 2024 565 2075 qui
605 2023 720 2062 unice
760 2029 897 2062 contra
942 2029 1052 2060 »tam
1092 2021 1308 2060 formandis
1346 2020 1586 2073 pastoribus,
1635 2032 1753 2071 quam

258 2095 364 2133 »toti
403 2093 601 2132 Ecclesiae
641 2092 885 2131 erudiendae
921 2097 1109 2142 praesunt
1136 2090 1207 2143 3)‚''
1247 2097 1287 2128 et
1323 2089 1499 2128 divinam
1533 2089 1754 2128 doctrinam

258 2170 424 2203 »contra
464 2163 604 2214 impios
643 2173 799 2200 errores
828 2159 1131 2212 defendunt4).”
1159 2182 1211 2188 —-
1240 2159 1418 2198 Pastores
1445 2172 1525 2198 non
1555 2159 1662 2198 aliud
1687 2158 1755 2197 ha-

259 2232 386 2272 »bent
416 2231 609 2277 officium,
640 2231 716 2269 nisi
745 2237 790 2269 ut
820 2230 1008 2274 doceant,
1039 2229 1144 2280 quod
1170 2230 1289 2268 sacris
1320 2229 1525 2281 scripturis
1554 2228 1756 2280 proditum

261 2309 351 2340 »est
390 2315 434 2340 ac
478 2301 755 2352 consignatum
772 2299 848 2352 ⁵)‚''
887 2299 994 2338 unde
1034 2299 1221 2350 colligere
1260 2298 1375 2343 licet,
1440 2315 1455 2332 >1
1474 2298 1515 2336 in
1554 2304 1756 2350 pastorum

301 2427 341 2467 2⁶)
366 2427 439 2459 Ant.
464 2426 496 2458 in
521 2426 604 2458 decr.
632 2426 721 2458 Cone.
748 2425 832 2458 Trid.
857 2425 945 2456 Tom.
969 2423 1062 2457 VIII.
1088 2423 1178 2458 2371).

302 2480 342 2522 27)
367 2482 446 2515 Inst.
472 2481 527 2514 IV.
552 2482 604 2514 10.
631 2481 659 2513 8.
685 2481 723 2513 cf.
748 2481 804 2512 IV.
830 2481 880 2513 10.
907 2481 941 2518 3,
967 2481 1003 2512 5.
1030 2481 1058 2512 6.
1745 2519 1749 2523 .

302 2535 343 2577 23)
374 2537 455 2569 Vera
468 2537 552 2569 Ecel.
564 2536 625 2579 ref.
638 2538 700 2568 rat.
714 2535 803 2567 Tom.
814 2535 908 2567 VIII.
923 2535 1011 2566 2802.
1024 2535 1062 2566 cf.
1079 2534 1233 2578 Conffid.
1247 2545 1277 2567 n.
1290 2534 1374 2567 Εσεῑ.
1392 2534 1474 2568 Gall.
1487 2535 1574 2568 Tom.
1586 2533 1678 2565 VIII.
1692 2533 1759 2566 95³.

303 2592 344 2631 29)
370 2593 449 2624 Inst.
474 2591 529 2624 IV.
555 2592 607 2623 11.
633 2592 662 2622 1.
796 2589 837 2630 ³⁰)
863 2591 942 2621 Inst.
967 2589 1023 2622 IV.
1050 2590 1101 2622 11.
1127 2590 1155 2621 5.
1289 2589 1330 2629 31)
1356 2588 1403 2621 lb.

304 2646 344 2687 32)
369 2647 449 2679 Inst.
474 2646 529 2679 IV.
554 2646 606 2678 11.
631 2646 661 2677 3.
686 2646 724 2677 cf.
747 2644 790 2677 ib.
814 2644 871 2676 IV.
898 2645 949 2677 11.
976 2645 1005 2676 5.
1138 2644 1179 2684 ³³)
1204 2644 1284 2676 Just.
1309 2643 1364 2675 IV.
1389 2643 1441 2676 11.
1467 2644 1496 2675 3.

305 2701 347 2742 34)
371 2702 451 2734 lust.
466 2700 521 2733 IV.
535 2702 586 2733 11.
601 2701 631 2734 2.
645 2701 682 2734 cf.
698 2699 872 2732 conmixta
887 2710 914 2731 0.
929 2699 949 2731 1.
962 2710 992 2741 p.
1006 2699 1058 2731 11.
1072 2707 1200 2731 WEBER.
1213 2709 1239 2730 0.
1253 2698 1274 2732 1.
1287 2709 1318 2740 p.
1332 2697 1384 2734 27.
1397 2698 1556 2732 ansnffl.
1569 2708 1597 2731 o.
1610 2697 1632 2730 1.
1646 2709 1676 2741 p.
1690 2698 1719 2737 6,
1732 2697 1763 2731 7.

321 2756 346 2797 1)
372 2756 452 2788 Inst.
477 2756 532 2789 IV.
558 2756 587 2787 3.
614 2757 644 2788 5.
1689 2761 1693 2766 ’

320 2812 347 2851 9)
372 2811 454 2852 Resp
477 2810 529 2843 ad.
553 2813 672 2852 quaest.
700 2810 839 2842 Tossanz'.
864 2809 950 2841 Tom.
974 2808 1047 2841 IXb.
1072 2810 1145 2842 199.
1171 2810 1208 2841 cf.
1234 2810 1312 2843 Just.
1337 2810 1391 2843 IV.
1416 2810 1445 2843 3.
1469 2810 1501 2842 4.

320 2866 347 2906 3)
371 2866 461 2898 Adm.
486 2867 542 2897 ult.
567 2866 612 2898 ad
634 2874 777 2897 WESTPH.
801 2865 888 2896 Toni.
914 2865 1007 2897 VIII.
1033 2864 1122 2898 68612.

322 2921 348 2961 4)
376 2924 488 2955 Comm.
513 2921 558 2953 ad
579 2923 658 2965 Eph.
683 2921 740 2954 IV.
766 2921 817 2954 11.
842 2923 873 2953 et
896 2920 942 2953 ad
962 2922 1048 2953 Rom.
1073 2920 1128 2964 XI.
1154 2921 1183 2956 7.
1318 2921 1344 2963 ⁵)
1367 2922 1447 2956 Inst.
1472 2921 1528 2954 IV.
1553 2921 1582 2954 8.
1607 2921 1637 2953 9.
