1849 3239
708 855 914 910 PARS
964 856 1068 910 III.

190 1009 223 1045 J.
249 1008 453 1046 CALVINI
477 1008 536 1045 ΕΤ
561 1007 594 1046 J.
620 1006 644 1043 A
668 1008 911 1053 LASCODE
935 1008 1166 1044 ECCLESIA
1191 1007 1573 1044 SENTENTIARUM

604 1070 754 1107 INTER
779 1070 834 1107 SE
859 1070 1167 1107 COMPOSITIO.

196 1466 256 1504 Ad
294 1471 530 1516 postremam
567 1465 853 1516 disquisitionis
891 1471 1040 1517 partem
1073 1465 1198 1503 oratio
1227 1465 1424 1516 pervenit,
1455 1471 1496 1503 et
1524 1471 1628 1517 post-

142 1548 258 1586 quam
290 1535 415 1586 igitur
444 1534 484 1572 in
516 1535 844 1586 praecedentibus
884 1542 1066 1573 accurate
1101 1535 1195 1573 satis
1227 1535 1515 1578 examinatum,
1544 1547 1638 1578 nee,

142 1588 187 1642 ut
217 1605 375 1655 opinor,
407 1604 490 1641 sine
523 1605 598 1642 ulla
632 1603 707 1642 fide
739 1617 872 1642 rerum
903 1605 1124 1655 expositum
1152 1610 1230 1648 est,
1263 1615 1455 1654 quaenam
1487 1602 1638 1641 Calvini

143 1672 335 1724 Lascique
367 1673 415 1711 (le
447 1672 617 1711 Ecclesia
650 1673 873 1712 sentcntiae
905 1673 1072 1716 fuerint,
1102 1674 1176 1711 iam
1209 1673 1331 1711 instat
1361 1680 1404 1711 ut
1430 1673 1638 1723 utriusque

143 1742 413 1780 reformatoris
453 1743 690 1780 sententiam
733 1749 847 1780 caute
887 1755 930 1780 ae
969 1742 1171 1780 subtiliter
1206 1742 1311 1780 inter
1341 1754 1425 1798 sese
1465 1741 1639 1779 confera-

142 1823 240 1849 mus.
300 1809 465 1848 Multum
506 1812 656 1862 negotii
692 1812 756 1849 illa
798 1811 1026 1862 compositio
1064 1811 1178 1849 nobis
1209 1823 1287 1848 non
1319 1811 1496 1849 facesset.
1555 1810 1640 1848 Ete-

142 1879 244 1921 nim,
283 1879 509 1929 quicunque
551 1879 680 1917 obiter
718 1879 834 1916 modo
878 1891 943 1922 ea,
987 1891 1087 1930 quae
1133 1891 1248 1929 supra
1293 1879 1416 1916 relata
1460 1886 1552 1917 suut
1596 1891 1640 1916 ae

143 1947 294 1998 digesta
323 1944 564 1998 perlustrare
583 1947 698 1990 velit,
725 1954 900 1985 actutum
924 1948 1064 1998 ingens
1086 1960 1129 1985 ae
1154 1947 1329 1986 notabile
1357 1948 1479 1986 veluti
1505 1960 1526 1985 e
1555 1948 1639 1986 lon-

143 2016 290 2066 ginquo
311 2016 387 2053 iam
409 2016 590 2067 dispicict
615 2016 850 2058 discrimen,
876 2016 981 2066 quod
1007 2016 1113 2054 ultro
1139 2028 1222 2054 sese
1249 2016 1391 2067 prodit.
1428 2015 1484 2055 Ne
1507 2024 1639 2056 tamen

143 2096 231 2121 eum
261 2085 387 2135 gratia
418 2085 623 2122 videamur
653 2091 720 2122 aut
751 2084 965 2123 ambitione
996 2085 1034 2122 in
1061 2085 1270 2124 scribendo
1296 2098 1380 2124 csse
1403 2088 1568 2131 versati,
1599 2093 1639 2125 et

143 2153 278 2203 procul
309 2165 328 2190 e
360 2166 400 2191 sc
431 2153 599 2191 invicem
625 2166 645 2191 e
672 2154 843 2204 partium
875 2154 1008 2192 studio
1039 2154 1260 2199 disiecisse,
1290 2155 1396 2193 inter
1419 2167 1518 2206 quos
1543 2167 1638 2193 non-

142 2221 218 2259 nisi
249 2222 346 2259 levis
376 2222 650 2260 intercedebat
680 2221 926 2267 differentia,
966 2223 1143 2274 adeoque
1173 2224 1222 2262 de
1257 2224 1452 2262 industria
1483 2225 1638 2263 auxisse

143 2291 378 2335 discrimen,
421 2303 498 2342 quo
538 2291 868 2343 sciungebantur,
913 2305 955 2330 ac
994 2292 1220 2331 dilatavisse
1260 2301 1417 2344 praeter
1454 2293 1637 2337 modum,

144 2360 251 2398 ultr-0
290 2360 463 2399 libenter
501 2360 687 2404 fatemur,
728 2361 869 2399 adduci
909 2373 1020 2412 posse
1059 2361 1165 2400 haud
1206 2368 1285 2400 tam
1325 2375 1445 2413 pauca
1476 2375 1497 2400 e
1528 2361 1638 2401 Lasei

145 2430 364 2480 opusculis,
403 2443 502 2480 quae
542 2417 745 2468 Calvinum
778 2430 908 2481 potius
943 2431 1146 2470 redolere.
1185 2443 1263 2468 non
1294 2443 1452 2482 prorsus
1482 2444 1638 2482 quoque

145 2498 184 2535 in
215 2497 365 2536 Calvini
401 2499 557 2550 seriptis
597 2499 689 2537 talia
729 2498 967 2540 desiderari.
1007 2512 1106 2550 quae
1146 2498 1256 2537 Lasei
1297 2499 1469 2538 indolem
1508 2501 1639 2552 potius

145 2566 294 2605 referre
335 2567 556 2606 videantur.
615 2566 693 2606 Nee
734 2568 888 2606 mirum.
946 2567 1031 2606 Non
1072 2581 1226 2619 semper
1269 2569 1373 2606 enim
1413 2574 1452 2607 et
1491 2569 1638 2620 ubique

145 2635 320 2673 locorum
353 2637 427 2674 sibi
457 2644 636 2675 constare
668 2637 797 2675 solent
821 2637 1025 2681 mortales,
1056 2644 1095 2675 et
1121 2636 1186 2675 ubi
1218 2637 1324 2675 aliud
1350 2638 1504 2689 agendo
1529 2651 1638 2690 prae-

147 2704 283 2742 sertim
315 2705 444 2743 obiter
474 2705 622 2756 aliquid
650 2712 841 2757 tangunt,
871 2706 964 2743 illuc
990 2706 1062 2744 toti
1090 2705 1260 2757 abrepti,
1290 2706 1328 2744 in
1356 2718 1434 2757 quo
1459 2707 1637 2758 occupati

148 2779 261 2818 sunt,
291 2781 358 2811 aut
388 2774 518 2812 minus
548 2781 729 2813 accurate
761 2774 992 2819 verborum,
1024 2775 1167 2825 quibus
1198 2782 1387 2819 utuntur,
1417 2776 1638 2827 ponderant

146 2841 245 2885 vim,
281 2848 370 2885 aut,
410 2843 514 2893 quod
544 2843 656 2894 peius
687 2844 827 2887 etiam,
857 2844 1004 2882 incauti
1035 2843 1201 2882 subinde
1232 2844 1272 2882 in
1302 2851 1502 2883 vetustum
1533 2857 1638 2884 erro-

146 2923 230 2949 rem
260 2910 505 2950 relabuntur.
549 2911 609 2950 Ad
637 2913 728 2951 talia
754 2918 887 2951 autem
912 2924 1125 2964 provocare
1154 2912 1265 2951 nefas
1295 2920 1416 2958 esset,
1446 2913 1513 2952 ubi
1543 2914 1638 2953 duo-
