1849 3239
861 121 909 160 73

140 253 264 293 debiti
301 253 496 306 officiique
527 267 662 294 eorum
694 255 744 293 sit
775 267 865 306 erga
898 252 1094 306 pastores:
1152 252 1366 304 »Inprimis
1395 251 1628 302 expendite,

140 339 155 357 »
169 334 314 374 quaeso
327 323 360 367 ,'’
399 325 550 375 inquit,
590 336 696 375 »quo
727 323 876 362 honore
908 323 1085 361 affecerit
1115 329 1154 360 et
1185 321 1280 372 quid
1310 319 1523 358 contulerit
1553 320 1630 357 illis

140 390 375 436 »Dominus,
404 406 502 444 quos
532 394 571 431 in
603 392 773 431 Ecclesia
805 406 872 430 sua
904 392 1080 430 instituit
1110 391 1291 429 Pastores
1317 395 1357 427 et
1380 388 1489 426 verbi
1515 388 1629 425 mini-

138 466 280 498 »stros
338 459 422 499 Non
459 462 576 500 modo
614 461 719 499 enim
760 461 871 499 iubet
910 474 981 499 nos
1015 461 1279 511 obsequentes
1308 464 1509 509 praestare
1539 469 1628 494 eum

138 535 275 566 »metu
319 542 361 567 ac
402 536 573 568 tremore
614 529 735 567 verbo
775 530 917 581 ipsius.
957 529 1051 567 dum
1092 529 1206 567 nobis
1245 526 1529 569 annuntiatur,
1559 524 1627 562 sed

136 597 284 635 »etiam
323 597 474 635 honore
513 604 552 636 et
587 597 812 635 reverentia
852 596 1148 648 prosequendos
1183 594 1343 633 mandat
1372 592 1483 630 verbi
1513 591 1626 629 mini-

135 671 287 708 »stros‚
328 672 514 716 tanquam
545 665 666 716 ipsius
696 664 895 715 legatione
928 670 1109 705 ornatos,
1149 669 1188 700 et
1218 674 1307 712 quos
1337 659 1490 711 agnosci
1518 659 1625 704 velit,

134 736 203 771 »ut
238 745 323 771 suos
350 733 462 772 etiam
491 733 645 784 anyelos
661 732 725 785 8).”
782 731 830 770 Et
862 732 901 769 in
934 732 1072 770 vicinis
1101 731 1272 770 addidit:
1332 730 1458 768 »haec
1488 729 1626 781 regula

133 800 238 860 »nfixa
278 801 505 846 inhaereat,
545 814 686 852 nempe
725 813 812 844 eos,
852 801 918 853 qui
958 802 1087 839 locum
1121 801 1396 838 ministrorum
1428 798 1538 837 verbi
1570 804 1624 836 te-

131 887 146 903 >v
161 877 279 915 nent,
317 871 476 922 quando
511 871 690 922 regimen
730 871 950 908 animarum
981 877 1202 908 vestrarum
1233 869 1326 921 ipsis
1357 874 1417 907 est
1446 868 1624 906 commis-

131 952 265 983 »sum,
319 939 589 992 agnoscendos
633 939 744 977 vobis
788 952 873 977 esse
917 946 1126 990 parentum
1170 939 1277 981 loco,
1326 944 1366 975 ct
1410 937 1449 975 in
1495 936 1624 988 pretio

130 1008 363 1048 »habendos
393 1016 511 1060 atque
547 1008 800 1046 honorandos
830 1014 991 1058 propter
1020 1007 1119 1046 illud
1150 1019 1314 1051 munus,
1345 1019 1423 1057 quo
1453 1006 1622 1057 fungun-

129 1085 225 1118 »tur
263 1079 366 1131 apud
398 1091 465 1117 vos
495 1092 543 1117 ex
575 1077 730 1116 Domini
761 1077 968 1116 vocatione
984 1077 1050 1129 ⁹).'’
1107 1075 1305 1114 Ecclesiae
1336 1076 1460 1126 igitur
1490 1081 1622 1112 aueto-

126 1149 286 1187 ritatem
336 1148 389 1186 sic
438 1147 710 1190 commendat,
795 1153 870 1184 »ut
912 1146 1005 1184 dum
1051 1146 1116 1184 illa
1161 1145 1351 1188 violatur,
1401 1143 1471 1181 Dei
1502 1144 1623 1195 ipsius

125 1216 435 1255 »auctoritatem
474 1215 655 1254 imminui
674 1215 764 1268 ¹⁰),’'
812 1221 1001 1267 reputent
1047 1214 1205 1258 fideles;
1256 1212 1359 1251 Deus
1405 1213 1622 1250 enim-nos

123 1284 469 1327 iubetvEcclesiae
509 1292 686 1339 pastores
744 1301 759 1318 »
774 1284 934 1326 audire.
979 1290 1039 1328 et,
1077 1295 1190 1336 quam
1222 1285 1439 1334 proponunt
1481 1280 1623 1320 Christi

70 1357 73 1358 ’
124 1370 139 1387 n
153 1353 380 1398 doctrinam,
421 1366 466 1392 em
501 1365 629 1392 eorum
667 1365 730 1391 ore
769 1365 851 1392 cum
890 1352 1099 1391 reverentia
1138 1352 1318 1403 excipere.
1375 1351 1513 1402 Itaque
1554 1351 1621 1402 qui

123 1423 257 1475 »ipsos
297 1423 539 1468 contemnit,
576 1422 765 1461 audireve
804 1422 1021 1466 detrectat,
1061 1421 1261 1460 Christum
1296 1421 1537 1464 contemnit,
1577 1433 1621 1458 ac

123 1492 435 1531 »discessionem
472 1492 565 1530 facit
602 1505 621 1529 a
653 1492 844 1530 societate
874 1491 1052 1530 fidelium
1071 1490 1150 1544 11).”
1209 1489 1284 1535 Qui
1313 1496 1451 1528 contra
1482 1488 1620 1527 fideles

122 1560 269 1600 Christi
313 1573 446 1599 servos
490 1568 690 1612 praestare
730 1574 770 1599 se
810 1561 956 1605 velint,
1013 1572 1182 1599 »eorum
1221 1565 1484 1597 revereantur
1522 1558 1622 1596 iudi-

123 1624 274 1674 mium,
316 1630 603 1669 monitionibus
643 1636 828 1681 pareant,
868 1629 1188 1668 communionem
1228 1628 1401 1679 denique
1436 1627 1621 1678 religiose

124 1714 139 1731 »
154 1698 384 1751 colant12).”
442 1699 597 1738 Placide
628 1711 766 1738 eorum
796 1698 1128 1751 reprehensiones
1158 1697 1450 1749 admittaut¹³),
1477 1702 1517 1735 et
1542 1708 1621 1734 om-

126 1767 245 1806 nibus
267 1766 552 1807 Ecclesiasticis
568 1769 890 1807 institutionibus
906 1781 1100 1806 summum
1118 1768 1301 1806 deserant
1317 1766 1551 1817 obsequium
1565 1765 1620 1818 ¹4).

123 1834 314 1874 »Summo
345 1837 469 1888 igitur
502 1838 634 1875 studio
665 1845 820 1888 tempus
850 1837 1084 1876 concionum
1116 1834 1435 1888 observent-¹⁵)‚”
1473 1848 1620 1874 memo-

123 1917 207 1948 res,
264 1905 342 1943 »ad
366 1906 653 1944 consessionem
681 1906 852 1945 nominis
878 1907 937 1944 sui
964 1905 1174 1944 Dominum
1201 1918 1341 1944 vocare
1368 1904 1619 1956 omnes¹⁶);”

119 1980 159 2012 et
200 1974 354 2018 onmia,
393 1987 494 2026 quae
531 1987 600 2013 sua
640 1981 754 2019 sunt,
794 1975 848 2014 sic
879 1982 1037 2027 accepta
1070 1974 1149 2013 Deo
1179 1975 1376 2019 reserant,
1416 1981 1480 2017 ut,
1539 1987 1618 2012 »ne

117 2043 209 2081 »vel
249 2042 499 2082 amissionem
530 2043 650 2082 huius
681 2044 902 2096 praesentis
933 2045 1036 2082 vitae
1067 2045 1231 2083 moleste
1261 2043 1490 2096 serant17).''
1547 2042 1618 2080 Va-

115 2111 200 2149 lent
230 2111 328 2150 haec
358 2112 407 2150 de
438 2112 620 2151 omnibus
650 2113 799 2165 pariter
828 2112 1026 2151 Ecclesiae
1053 2113 1189 2156 sociis,
1219 2112 1303 2151 sine
1331 2113 1411 2150 ullo
1438 2111 1617 2163 quolibet

116 2180 257 2218 aetatis
296 2180 544 2226 discrimine,
583 2195 673 2220 nam
714 2182 781 2220 ubi
816 2189 981 2234 rogatur
1010 2183 1050 2220 in
1081 2181 1346 2220 Cateehismo:
1403 2179 1615 2219 »Semelne

117 2262 167 2287 »a
206 2255 363 2301 pastore
402 2262 473 2288 suo
512 2251 742 2289 institutum
783 2251 902 2289 fuisse
942 2251 1037 2290 satis
1075 2256 1135 2289 est
1173 2250 1325 2288 homini
1370 2249 1613 2294 Christiano,

168 2406 193 2446 Β)
217 2408 273 2449 EJJ
299 2407 343 2439 ad
364 2408 445 2440 Eccl.
475 2410 550 2440 Gen.
574 2410 661 2441 Tom.
687 2409 759 2442 IXb.
785 2421 814 2452 p.
841 2410 909 2441 lla.
1033 2409 1056 2449 9)
1083 2409 1129 2441 Ib.
1254 2409 1294 2449 ¹⁰)
1319 2410 1397 2441 Inst.
1422 2409 1477 2441 IV.
1504 2410 1533 2441 I.
1560 2410 1610 2441 10.

155 2460 194 2500 ¹¹)
223 2463 290 2494 Cat.
319 2464 393 2494 Gen.
418 2463 505 2496 Tom.
530 2463 622 2496 VIII.
649 2465 715 2497 25³.
742 2465 778 2496 cf.
804 2465 884 2496 [nsi.
916 2464 970 2495 IV.
1003 2465 1031 2496 I.
1058 2466 1086 2497 5.
1116 2464 1170 2495 IV.
1204 2465 1232 2496 2.
1257 2465 1308 2496 10.
1333 2466 1364 2494 et
1392 2464 1480 2507 Conf.
1495 2465 1557 2507 fid.
1582 2475 1611 2496 n.

116 2516 199 2548 Eccl.
229 2518 310 2549 Gall.
334 2518 420 2551 Tom.
447 2519 539 2552 VIII.
566 2520 634 2553 95³.
771 2521 810 2561 ¹2)
836 2522 914 2554 [nst.
940 2521 994 2554 IV.
1021 2522 1049 2554 2.
1076 2522 1126 2552 10.

154 2571 194 2611 ¹³)
219 2572 316 2604 Lectr.
348 2572 368 2603 ῖι
396 2574 428 2605 la
460 2575 560 2607 Duch.
593 2575 632 2607 de
655 2577 743 2608 Ferr.
776 2578 904 2617 (HENRY
930 2575 1010 2609 111b.
1035 2577 1065 2609 S.
1091 2577 1178 2616 144.)
1209 2576 1246 2607 cf.
1278 2576 1385 2607 Letcre
1408 2573 1434 2617 pc
1457 2575 1547 2607 Mad.
1574 2575 1612 2607 de

119 2626 249 2668 Cannas]
275 2628 402 2665 (HENRY
424 2627 450 2660 Ι.
475 2628 556 2660 Beil.
582 2630 633 2663 21.
658 2631 687 2663 S.
713 2631 777 2671 92.)

154 2680 193 2720 l⁴)
222 2682 311 2723 Omff-
325 2682 387 2723 fid.
412 2693 443 2713 n.
468 2683 551 2714 Eccl.
580 2685 662 2717 Gall.
687 2684 774 2717 Tom.
799 2685 890 2717 VIII.
916 2685 983 2718 95²¹.

153 2735 193 2775 ¹⁵)
217 2736 308 2767 Hom.
333 2736 372 2767 de
395 2746 479 2769 conv.
503 2738 534 2768 in
560 2739 643 2771 Ecel.
668 2738 755 2771 Tom.
780 2739 874 2773 VIII.
898 2740 988 2775 474³.
1014 2740 1051 2772 cf.
1080 2741 1144 2772 Cat.
1173 2741 1247 2772 Gen.
1273 2738 1359 2771 Tom.
1384 2738 1476 2771 VIII.
1503 2738 1569 2770 15³.

152 2788 192 2828 16)
216 2790 264 2821 De
288 2791 340 2823 vit.
364 2795 496 2833 saperet.
521 2793 606 2826 Tom.
631 2794 724 2826 VIII.
748 2794 838 2828 4352.

152 2843 192 2883 17)
216 2844 308 2877 Hom.
332 2846 371 2877 de
387 2857 473 2888 pers.
488 2847 557 2889 fer.
582 2848 668 2881 Tom.
692 2849 786 2881 VIII.
811 2848 903 2884 4721).
935 2850 972 2882 ef.
1000 2850 1111 2882 Comm.
1142 2848 1186 2880 ad
1212 2849 1344 2880 Philam.
1368 2858 1413 2880 VS.
1439 2849 1468 2880 3.
1495 2849 1605 2881 Comm.

114 2899 159 2931 ad
181 2901 197 2931 1
227 2901 278 2932 Co.
310 2900 363 2932 IV.
389 2902 407 2936 7
437 2903 468 2933 et
498 2903 543 2933 ad
573 2904 650 2935 Coll.
681 2904 736 2937 IV.
768 2906 819 2936 14.
851 2906 898 2937 De
919 2906 994 2948 fils!-
1014 2917 1089 2948 pap.
1113 2904 1159 2936 z'll.
1182 2915 1264 2937 sacr.
1288 2903 1374 2936 Tom.
1400 2904 1490 2936 VIII.
1515 2904 1604 2935 422⁰.

114 2954 192 2987 Ins-t.
216 2955 279 2987 III.
305 2955 334 2990 7.
360 2955 377 2987 5
402 2957 434 2987 et
457 2956 512 2990 IV.
539 2959 567 2990 1.
593 2958 642 2990 12.
