1849 3239
850 72 900 110 77

73 213 80 221 ”
131 209 227 259 »qui
259 208 350 246 fidei
368 209 561 246 unitatem
578 206 757 245 scindere
775 204 1045 258 cuperentss).’'
1089 203 1234 242 Contra
1253 204 1526 255 gravissimum
1542 216 1620 242 ma-

132 277 350 328 ngistratus
371 277 542 315 officium
567 283 647 320 est,
682 276 812 326 gladio
839 282 878 313 et
908 274 1045 326 poenis
1066 274 1270 316 coercere,
1301 272 1384 323 qui,
1411 285 1531 322 quum
1550 273 1620 323 ipsi

129 347 238 385 »sint
263 347 462 397 apostatae
489 359 509 385 a
535 353 641 384 reeta
668 344 767 386 fide.
798 345 894 382 alios
911 344 959 382 ad
976 342 1239 382 desectionem
1257 341 1492 385 sollicitant,
1523 341 1619 378 etin

129 414 280 454 »Deum
311 415 584 454 contumeliosi
613 414 777 452 miseras
807 414 956 451 animas
986 413 1202 463 illaqueant
1232 411 1312 448 suis
1341 409 1526 453 fallaciis,
1556 422 1619 460 pa-

129 497 241 523 »eem
271 485 511 524 conturbant
542 483 738 522 Ecclesiae
769 490 808 521 et
839 483 998 534 pIetatis
1027 493 1260 520 eonsensum
1288 479 1473 517 scindunt
1502 491 1544 516 ae
1567 478 1619 516 la-

127 559 293 592 »eerant
318 554 382 606 ⁷).”
439 553 577 592 Melius
602 554 742 596 etiam,
768 565 883 603 quam
908 552 949 589 in
972 551 1102 589 verbis
1128 551 1224 594 illis,
1250 549 1335 587 eius
1360 561 1453 599 erga
1470 547 1618 585 dissen-

126 623 272 661 tientes
301 624 540 661 sententiam
571 635 618 661 ex
657 635 788 660 amara
827 621 1042 660 edocemur
1079 619 1336 671 inscriptione
1367 618 1452 656 eius
1482 623 1617 654 contra

126 690 334 731 Servetum
374 698 582 731 tractatus:
627 691 720 730 »ubi
756 691 907 729 docetur
945 688 1151 728 haereticos
1188 688 1270 726 iure
1302 686 1424 736 (stadii
1452 697 1617 724 coercen-

125 761 219 799 »dos
247 773 325 799 esse
348 761 412 814 8).”

402 899 428 952 §⁸
459 900 494 938 2.
552 898 745 938 Ecclesiae
775 909 866 949 orffa.
893 897 1158 948 maqistratum
1186 895 1332 934 relatio.

178 1052 192 1069 >1
205 1035 248 1074 In
279 1037 414 1088 politia
445 1037 545 1075 bene
576 1037 791 1088 composita
822 1035 1058 1087 principium
1100 1039 1234 1072 teneat
1268 1033 1409 1084 religio
1438 1031 1507 1084 ¹),'’
1546 1031 1616 1070 sed

121 1103 242 1143 habet
267 1111 398 1143 tamen
425 1105 552 1144 civilis
577 1117 734 1156 quoque
762 1104 989 1143 oeconomia
1015 1108 1166 1141 tantam
1193 1102 1429 1145 utilitatem,
1458 1107 1504 1139 ut
1541 1101 1616 1139 »de

121 1185 195 1222 »ea
225 1174 526 1213 exterminanda
557 1175 753 1226 cogitare,
783 1174 965 1213 immanis
994 1180 1099 1211 esset
1129 1171 1351 1210 harbaries:
1382 1170 1493 1208 euius
1523 1182 1617 1208 usus

119 1241 255 1297 »inter
283 1241 464 1281 homines
493 1255 573 1281 non
604 1243 754 1285 minor.
785 1255 901 1294 quam
932 1242 1062 1294 panis,
1092 1253 1238 1292 aquae,
1274 1240 1385 1284 solis,
1425 1247 1465 1278 et
1495 1240 1616 1285 aeris,

63 1324 65 1326 ’
119 1310 323 1362 »dignitas
353 1312 513 1363 quidem
539 1313 666 1351 multo
691 1312 958 1364 praestantior
982 1317 1041 1349 est
1058 1310 1122 1363 2).’'
1165 1308 1322 1348 Etenim
1339 1308 1616 1360 magistratus,

117 1378 166 1418 de
206 1392 376 1431 quorum
413 1394 579 1421 munere
620 1382 669 1420 ad
708 1381 819 1420 verbi
860 1380 929 1419 Dei
969 1379 1153 1418 amussim
1193 1378 1450 1417 iudicandum
1484 1384 1544 1417 est
1571 1377 1616 1430 ³),

117 1449 262 1500 populo
306 1467 321 1483 n
336 1449 406 1489 Dei
436 1452 624 1490 mandato
654 1456 844 1503 praesunt
869 1449 942 1502 ²¹),”
982 1449 1051 1487 Dei
1087 1454 1180 1487 sunt
1209 1448 1345 1487 vicarii
1373 1448 1401 1501 ⁵)
1439 1454 1479 1486 et
1514 1447 1614 1486 veri-

115 1518 210 1556 tatis
242 1530 388 1569 organa
412 1519 453 1571 ⁶).
512 1519 686 1558 »Eorum
725 1519 880 1558 vocatio
919 1531 1051 1557 eoram
1085 1516 1166 1556 Deo
1196 1523 1332 1556 saneta
1361 1523 1420 1555 est
1450 1523 1490 1556 et
1519 1517 1615 1568 legi-

117 1587 243 1625 »tima
269 1588 346 1639 ⁷);’'
391 1600 499 1626 »non
530 1589 636 1627 enim
665 1588 743 1627 hue
773 1595 924 1640 spectat
955 1589 1102 1631 solum,
1140 1594 1183 1626 ut
1222 1587 1375 1638 spirent
1409 1586 1612 1630 homines,

118 1671 134 1689 »
148 1655 290 1701 edant,
320 1656 480 1702 bibant,
510 1658 739 1697 foveantur:
770 1658 839 1696 sed
869 1670 918 1696 ne
948 1657 1194 1700 idololatria,
1224 1669 1274 1695 ne
1300 1657 1340 1695 in
1367 1655 1437 1695 Dei
1467 1668 1613 1694 nomen

116 1723 431 1776 »blasphemiae,
462 1727 640 1778 aliaeque
662 1727 866 1779 religionis
888 1726 1125 1765 offensiones
1146 1725 1301 1777 publice
1327 1732 1533 1777 emergant
1548 1724 1612 1778 8).''

115 1791 398 1844 »Magistratus
437 1807 594 1846 quoque
635 1796 760 1834 officia
800 1796 1024 1835 extendunt
1059 1808 1144 1834 sese
1175 1795 1223 1833 ad
1253 1801 1462 1846 utramque
1493 1792 1611 1845 Legis

113 1860 318 1899 »tabulam
343 1862 418 1915 ⁹),”
448 1870 488 1901 et
518 1865 709 1903 stolidum
740 1871 844 1903 esset
874 1865 1138 1909 contendere,
1183 1876 1279 1903 »eos
1319 1865 1499 1916 neglecta
1539 1863 1609 1902 Dei

111 1942 234 1968 »cura
279 1931 356 1969 iuri
401 1932 507 1971 inter
545 1933 727 1972 homines
770 1934 945 1973 dicundo
989 1939 1144 1972 tantum
1189 1946 1273 1972 esse
1316 1934 1493 1973 intentos
1524 1933 1608 1986 ¹⁰).”

161 2088 187 2128 ⁶)
211 2089 282 2131 Res.
306 2100 366 2122 err.
388 2091 434 2123 M.
459 2085 587 2125 serven:
610 2092 696 2124 Tom.
720 2093 813 2126 VIII.
838 2093 927 2126 5162.

161 2140 186 2183 7)
213 2142 259 2176 Ib.
283 2144 370 2178 Tom.
393 2144 485 2178 VIII.
511 2146 600 2179 513³.
625 2148 663 2179 cf.
687 2148 799 2190 Praef.
822 2147 856 2179 in
885 2149 966 2181 Dan.
991 2147 1046 2180 IV.
1076 2147 1112 2186 1,
1137 2148 1224 2180 Tom.
1248 2147 1301 2180 Vss.
1327 2148 1394 2180 51³.
1429 2150 1539 2183 Comm.
1563 2152 1609 2184 ad

107 2197 188 2230 Λεία
212 2198 268 2236 ΙΧ.
293 2199 345 2231 22.

159 2251 185 2292 ⁸)
211 2252 259 2285 Ib.
278 2254 348 2285 vide
366 2254 500 2286 titulum
517 2256 604 2289 Tom.
617 2257 709 2289 VIII.
731 2258 805 2290 510.
897 2258 921 2298 ¹)
949 2258 1020 2300 Res.
1041 2269 1101 2290 err.
1120 2258 1166 2290 M.
1188 2259 1275 2290 Serv.
1295 2259 1381 2291 Tom.
1402 2259 1493 2292 VIII.
1512 2261 1601 2293 5150.

159 2306 184 2347 2)
211 2309 291 2339 Inst.
315 2307 370 2341 IV.
396 2310 446 2341 20.
472 2310 501 2342 3.
525 2310 563 2342 cf.
588 2310 643 2344 IV.
668 2312 720 2344 20.
747 2312 776 2343 2.
800 2312 898 2345 Inslr.
922 2313 993 2345 adv.
1017 2313 1117 2345 Anab.
1141 2312 1229 2345 Tom.
1253 2313 1346 2346 VIII.
1372 2313 1463 2346 3641'.

159 2361 184 2401 ³)
209 2361 288 2394 Inst.
318 2362 372 2395 IV.
406 2364 457 2397 20.
486 2365 516 2399 7.
541 2364 587 2397 Cf.
618 2365 672 2398 IV.
699 2366 751 2398 20.
776 2367 811 2404 4,
837 2367 873 2406 9,
899 2367 955 2407 14,
981 2368 1033 2401 25.
1060 2368 1157 2400 Instr.
1181 2367 1252 2400 adv.
1270 2368 1369 2400 Anab.
1395 2369 1481 2402 Tom.
1506 2370 1599 2403 VIII.

107 2415 196 2447 365³.
222 2417 294 2459 Res.
318 2429 379 2452 err.
400 2420 446 2452 M.
471 2421 554 2453 Serv.
578 2420 666 2453 Tom.
690 2421 785 2454 VIII.
812 2421 897 2454 515³.

158 2471 184 2511 ⁴)
212 2473 321 2505 Comm.
346 2473 390 2505 ad
412 2475 429 2505 1
455 2475 511 2507 Pe.
535 2475 580 2508 ΙΙ.
606 2475 658 2508 14.
794 2476 820 2516 ⁵)
844 2477 924 2509 Inst.
949 2477 1004 2510 IV.
1029 2477 1080 2510 20.
1107 2477 1136 2510 9.
1162 2477 1199 2509 cf.
1225 2477 1280 2511 IV.
1305 2477 1357 2511 20.
1382 2477 1411 2510 6.

159 2527 183 2566 ⁶)
208 2527 287 2559 Inst.
312 2528 367 2561 lv.
393 2529 444 2560 20.
469 2530 497 2562 6.
522 2531 560 2561 cs.
585 2530 640 2563 IV.
666 2530 718 2562 20.
744 2529 795 2562 25.

157 2579 182 2621 7)
207 2581 287 2614 Inst.
311 2582 365 2616 IV.
391 2584 442 2615 20.
465 2586 495 2617 4.
520 2586 557 2618 ef.
581 2586 689 2617 Prael.
712 2586 746 2616 in
768 2585 915 2619 Hoseam.
939 2587 1030 2620 XIII.
1056 2587 1087 2618 1.

156 2634 182 2676 8)
206 2636 314 2678 Refut.
337 2647 397 2669 err.
422 2639 466 2670 M.
494 2640 580 2672 Serv.
605 2640 692 2671 Tom.
711 2639 803 2673 VIII.
829 2641 918 2673 5152.
942 2643 979 2673 ef.
1004 2642 1095 2674 Hom.
1118 2641 1150 2673 in
1176 2641 1192 2672 1
1219 2642 1300 2673 Sam.
1325 2642 1412 2673 Tom.
1437 2643 1482 2675 II.
1501 2643 1597 2683 1121),

106 2689 185 2728 113,
217 2690 312 2728 173³,
348 2692 428 2731 174,
454 2693 534 2732 175,
560 2694 632 2727 360.
665 2696 776 2726 Comm.
828 2695 861 2726 in
885 2697 1002 2728 Psalm.
1028 2696 1074 2728 11.
1101 2697 1153 2735 10,
1177 2696 1289 2728 XXIX.
1316 2697 1350 2736 1,
1376 2697 1535 2730 LXXXII.
1560 2698 1598 2737 3,

23 2741 49 2776 ”,
104 2743 157 2776 CI.
190 2747 225 2783 5,
257 2745 340 2778 CVI.
366 2747 416 2778 34.
446 2748 554 2781 Comm.
578 2751 612 2781 ἐπ
638 2752 775 2782 [esaiam
799 2750 863 2781 III.
888 2754 925 2788 4,
952 2752 1009 2789 13,
1034 2751 1100 2782 XX.
1127 2751 1183 2790 20,
1208 2752 1311 2784 XXII.
1337 2753 1391 2791 21,
1417 2753 1475 2792 24,
1500 2753 1595 2785 XXX.

104 2798 155 2830 22.
179 2800 287 2832 Prael.
312 2801 342 2832 in
366 2802 462 2833 Maeli.
491 2802 554 2835 III.
581 2804 631 2836 12.
659 2805 770 2837 Comm.
800 2805 833 2836 in
862 2805 937 2838 Luc.
969 2805 1053 2837 XIV.
1084 2805 1135 2837 23.
1160 2806 1246 2838 Tom.
1272 2807 1332 2838 IVa
1363 2807 1454 2840 16411.
1486 2808 1597 2839 Comm-

101 2853 135 2885 ἐκ
164 2855 254 2886 Λεία.
285 2855 406 2887 XVIII.
439 2856 488 2889 12.

155 2907 180 2948 ⁹)
204 2908 284 2942 Inst.
310 2909 365 2944 IV.
392 2911 445 2943 20.
468 2911 498 2944 9.
632 2912 672 2954 ¹⁰)
697 2912 744 2947 Ib.
