1849 3239
850 77 921 116 1811

139 222 251 254 turae
293 212 520 251 testimonio
560 212 664 251 tradi
703 212 888 252 fidelibus
927 213 1053 252 iussit.
1084 237 1136 242 ——
1166 213 1304 254 Melius
1344 229 1437 255 sane
1467 218 1487 255 a
1519 217 1640 257 Lasco

141 280 425 323 Christianismi
467 280 640 318 indolem
680 281 902 331 perspexit,
942 282 1009 332 qui
1049 288 1158 320 vetat
1198 284 1247 321 ad
1285 283 1392 322 hunc
1422 285 1582 325 illumve
1612 300 1640 325 s.

139 352 355 402 scripturae
399 351 528 388 locum
568 351 790 401 promiscue
830 362 1067 401 provocare,
1106 351 1174 390 sed
1215 352 1254 390 in
1295 353 1478 391 omnibus
1518 355 1641 393 totius

137 421 356 471 scripturae
387 431 622 457 consensum
652 418 775 470 probe
805 419 1097 459 observandum
1128 433 1211 459 esse
1243 421 1455 460 existimat.
1504 422 1642 474 Itaque

136 489 283 528 veteris
322 489 551 527 testamenti
590 488 734 532 libros,
772 487 934 540 (quibus
972 489 1130 527 nonnisi
1170 489 1334 528 umbrae
1366 490 1522 542 typicae
1552 504 1642 530 con-

139 559 337 602 tinentur,
368 571 468 608 quac
499 558 548 596 ad
579 557 780 596 Christum
813 564 1027 596 venturum
1059 570 1129 596 nos
1159 560 1416 611 monstrant),
1446 560 1567 611 inque
1598 562 1645 599 iis

138 627 422 678 prophetarum
462 628 502 665 in
541 627 677 679 primis
716 627 939 665 doctrinam
975 628 1108 678 magni
1147 628 1309 678 quidem
1346 628 1460 673 facit,
1490 636 1530 667 et
1561 636 1645 668 tan-

138 709 255 748 quam
282 696 351 735 Dei
378 697 596 736 voluntatis
623 697 909 735 revelationem
936 704 1172 742 veneratur,
1204 710 1251 736 eo
1278 705 1411 736 tamen
1438 705 1573 750 pacto,
1604 707 1649 737 ut

137 765 243 804 dicta
273 778 411 804 eorum
442 765 589 804 Christi
620 766 742 818 ipsius
774 766 980 805 doctrinae
1016 767 1308 818 approbentur,
1339 768 1497 818 qualem
1529 769 1648 807 tradi-

137 823 285 873 derunt
314 848 401 873 eam
431 835 545 873 nobis
575 834 858 887 Euangelistae
889 842 930 873 et
960 834 1149 887 Apostoli.
1196 835 1335 874 Totius
1360 843 1493 875 autem
1518 836 1648 875 Euan-

137 903 230 955 gelii
257 915 449 941 summam
475 903 583 942 Petri
609 904 775 941 solemni
801 903 850 941 de
877 902 1034 941 Christo
1060 903 1308 942 consessione
1334 905 1533 943 contineri
1559 918 1648 944 een-

138 979 219 1017 set‚
260 985 382 1023 quae,
417 978 462 1010 ut
493 979 532 1010 et
571 973 700 1023 ipsum
739 971 1025 1023 Euangelium,
1065 973 1237 1011 exclusis
1268 973 1434 1025 reliquis
1465 975 1649 1014 omnibus

135 1042 175 1080 in
220 1041 387 1093 publicis
435 1041 691 1079 concionibus
735 1041 894 1080 dicendi
937 1041 1145 1079 materiem
1192 1054 1302 1080 sacro
1348 1045 1497 1082 oratori
1537 1057 1646 1096 prae-

136 1111 230 1149 bere
275 1111 415 1154 debet,
459 1117 499 1148 et
547 1110 588 1148 in
634 1109 869 1147 Catechismi
914 1122 1072 1161 quoque
1116 1111 1382 1162 explicatione
1426 1113 1648 1152 desiderari

135 1193 214 1224 non
255 1187 405 1232 potest,
455 1186 499 1218 ut
542 1179 653 1217 verbi
697 1178 767 1217 Dei
813 1181 1030 1218 auctoritas
1075 1181 1181 1218 salva
1226 1188 1383 1220 constet
1427 1189 1547 1233 atque
1592 1183 1649 1221 in-

134 1251 319 1297 columes.
364 1272 416 1277 —
459 1248 629 1286 Austera
682 1255 825 1300 regnat
875 1249 979 1300 apud
1027 1248 1234 1288 Calvinum
1282 1251 1323 1288 in
1373 1263 1484 1289 sacro
1537 1252 1648 1289 cultu

74 1328 76 1330 ’
133 1317 348 1360 sobrietas,
401 1322 442 1354 et
495 1316 648 1354 stabilis
702 1317 1045 1356 caeremoniarum
1102 1318 1227 1356 forma
1281 1319 1322 1356 in
1365 1320 1483 1358 laude
1528 1319 1647 1359 habe-

130 1393 206 1424 tur.
251 1387 271 1424 ἐι
312 1385 435 1424 Lasco
475 1385 692 1424 sobrietate
733 1386 864 1424 cultus
904 1385 1111 1426 Calvinum
1151 1388 1271 1426 etiam
1311 1388 1540 1440 egreditur,
1577 1389 1647 1428 sed

128 1455 292 1494 damnat
332 1467 533 1493 sacrorum
570 1455 721 1493 rituum
758 1456 921 1494 nimiam
957 1456 1239 1501 stabilitatem,
1270 1458 1414 1509 quippe
1445 1459 1646 1497 consolen-

129 1525 208 1562 tiae
249 1524 426 1562 libertati
468 1524 658 1562 damnum
697 1524 959 1568 inserentem,
998 1532 1037 1564 et
1068 1527 1346 1577 procliviorem
1377 1528 1426 1566 ad
1456 1529 1646 1579 supersti-

127 1594 290 1632 tit'mem.
321 1616 373 1621 —
402 1593 588 1631 Calvinus
619 1600 864 1632 sacramenta
897 1595 938 1632 in
963 1593 1139 1633 Ecclesia
1165 1595 1368 1634 celebrare
1395 1596 1527 1642 iubet,
1560 1604 1643 1635 tan·

127 1675 244 1714 quam
285 1668 448 1700 externa
486 1661 687 1713 symbola,
718 1674 839 1713 quae,
870 1662 901 1699 si
932 1675 1023 1700 cum
1053 1662 1131 1701 fide
1163 1670 1425 1715 usurpantur,
1455 1665 1496 1702 id
1526 1666 1642 1704 nobis

128 1744 265 1782 reapse
295 1732 552 1782 impertiunt,
583 1731 689 1782 quod
721 1730 958 1782 significant.
1010 1731 1146 1783 Aquae
1178 1733 1372 1771 tinctione
1404 1733 1639 1773 inseruntur

125 1800 297 1839 infantes
336 1801 376 1838 in
416 1799 616 1838 Ecclesiae
657 1813 819 1852 eorpus,
849 1807 889 1839 ct
920 1801 960 1838 in
992 1814 1113 1839 coena
1144 1814 1275 1847 sacra,
1305 1795 1399 1840 dum
1431 1816 1531 1855 pane
1562 1805 1639 1842 uti-

123 1882 214 1908 mur
244 1883 287 1907 ac
319 1870 426 1913 vino,
457 1868 638 1907 Christus
669 1869 859 1908 Dominus
890 1862 1050 1908 earnem
1081 1883 1192 1908 suam
1224 1884 1266 1909 ae
1297 1872 1531 1923 sanguinem
1562 1874 1636 1924 spi-

121 1939 323 1976 ritualiter
365 1938 406 1975 in
451 1950 589 1976 verum
634 1939 789 1977 animae
830 1939 961 1977 eibum
1006 1940 1054 1978 iis
1093 1940 1279 1985 exhibet,
1319 1942 1386 1992 qui
1427 1954 1516 1980 cum
1555 1941 1634 1981 fide

121 2020 267 2046 coenae
306 2006 566 2045 celebrationi
598 2007 740 2046 adsint.
800 2007 901 2046 Vere
933 2009 1136 2048 salutifera
1168 2010 1294 2061 igitur
1323 2011 1382 2049 vis
1412 2024 1633 2050 sacramen-

120 2077 170 2115 tis
209 2076 415 2118 inhaeret.
451 2088 571 2127 quare
609 2076 756 2127 absque
788 2078 948 2116 illorum
978 2091 1053 2116 usu
1083 2086 1271 2118 aeternae
1303 2081 1441 2118 salutis
1472 2081 1520 2119 ad
1551 2081 1631 2132 ple-

118 2159 214 2184 num
241 2158 366 2197 usque
393 2146 590 2197 particeps
616 2147 731 2184 reddi
757 2153 889 2198 potest
915 2159 1033 2185 nemo
1051 2147 1088 2199 ¹).
1134 2148 1262 2187 Aliter
1287 2156 1422 2187 censet
1444 2150 1465 2187 a
1489 2149 1630 2194 Lasco,

117 2216 185 2267 qui
225 2216 327 2267 ipsas
368 2227 496 2253 sacras
533 2215 709 2253 actiones
739 2215 877 2267 (aquae
909 2229 959 2254 sc.
991 2216 1207 2255 linctionem
1237 2225 1276 2256 et
1308 2219 1419 2270 panis
1449 2219 1628 2258 distribu-

118 2284 291 2332 tionem),
317 2297 396 2323 non
423 2291 555 2323 autem
583 2292 924 2324 sacramentorum
950 2286 1169 2330 elementa,
1195 2288 1374 2339 symbola
1405 2301 1490 2327 esse
1512 2294 1627 2340 putat

115 2354 313 2405 mysterii,
350 2354 461 2392 cuius
502 2354 708 2405 promissio
746 2353 932 2393 fidelibus
972 2355 1216 2408 obsignatur.
1273 2356 1401 2409 Negat
1431 2371 1500 2410 per
1530 2357 1625 2410 Bap-

116 2423 222 2461 tismi
261 2436 375 2461 usum
404 2423 527 2462 inseri
556 2436 628 2462 nos
658 2424 698 2462 in
730 2423 928 2463 Ecclesiae
958 2426 1295 2471 communionenn
1326 2433 1446 2479 negat
1476 2427 1624 2466 Christi

116 2504 274 2530 carnem
313 2504 357 2530 ac
397 2492 652 2543 sanguinem,
688 2499 877 2544 tanquam
917 2506 980 2532 res
1010 2506 1239 2546 corporeas,
1269 2495 1449 2535 fidelium
1480 2497 1623 2535 animis

116 2561 156 2599 in
196 2560 328 2599 cibum
367 2561 450 2599 ullo
488 2561 607 2600 modo
647 2561 829 2600 exhiberi
869 2574 993 2613 posse.
1052 2563 1188 2614 Aquae
1219 2565 1359 2603 tinctio
1389 2566 1620 2605 insitionem

153 2697 178 2737 ¹)
204 2697 251 2728 Cs.
288 2696 435 2738 inprimis
468 2696 544 2728 haec
576 2697 642 2728 eius
676 2697 785 2728 verba:
818 2698 868 2729 Sic
903 2698 1072 2729 tenendum
1107 2700 1167 2736 est,
1210 2700 1548 2735 „communicationem
1583 2703 1617 2733 in

55 2745 81 2780 Ἀ
119 2771 133 2787 μ
145 2762 238 2783 coena
273 2751 449 2782 confirmari
485 2753 515 2782 ct
548 2752 669 2792 augeri.
716 2752 853 2784 Tametsi
880 2753 964 2784 enim
990 2755 1059 2784 ‘sum
1087 2753 1121 2784 in
1149 2754 1326 2795 Baptismo,
1359 2756 1426 2786 tum
1455 2755 1488 2786 in
1515 2756 1617 2788 Euan-

115 2806 223 2847 „gelio
249 2806 340 2837 nobis
367 2806 531 2838 exhibetur
555 2807 719 2846 Christus,
749 2818 821 2839 eum
848 2809 952 2839 tamen
975 2819 1037 2840 non
1064 2809 1235 2851 recipimus
1258 2812 1379 2849 totum,
1404 2810 1458 2842 sed
1477 2822 1513 2842 ex
1529 2813 1616 2853 parte

117 2859 298 2897 „tantum.’'
345 2860 432 2902 Quae
450 2861 553 2892 -verba
578 2861 716 2894 citantur
739 2862 822 2904 apud
846 2871 996 2902 EBRARD,
1022 2864 1080 2895 das
1104 2865 1223 2907 Dossma
1247 2865 1303 2897 des
1322 2866 1364 2899 H.
1388 2866 1613 2906 Abenclmalels,

115 2916 180 2948 und
200 2928 225 2947 s.
254 2917 363 2948 Gesclzs.
387 2915 431 2946 Il.
457 2917 531 2947 454.
