1849 3239
192 201 253 239 13.

191 306 253 343 14.

194 476 255 514 15.

199 793 260 831 16.

199 961 260 998 17.

200 1130 261 1169 18.

200 1236 262 1274 19.

200 1340 262 1378 20.

203 1792 268 1831 22.

205 1958 267 1998 23.

208 2137 270 2176 24.

213 2451 275 2489 25.

213 2556 276 2594 26.

905 69 985 108 190

311 201 473 241 Vacatio
500 202 668 242 militiae
698 203 894 242 Ecclesiae
923 202 1118 242 ministris
1147 201 1404 242 concedenda
1433 215 1514 243 non
1544 209 1615 243 est.

311 305 461 346 Iniuria
501 308 697 347 Ecclesiae
736 308 930 347 ministris
969 307 1123 347 aditum
1166 307 1215 347 ad
1259 313 1480 348 conventus
1516 308 1698 359 politicos

313 377 527 429 praeclusit
556 378 631 415 lex.
1220 367 1222 370 ’

313 474 370 514 Ne
395 476 548 514 iudices
571 476 612 514 in
629 475 800 514 Ecclesia
827 476 994 516 sedeant
1018 476 1094 515 viri
1119 476 1381 528 legislationis
1405 476 1700 515 Ecclesiasticae

316 557 477 596 prorsus
516 545 712 596 imperiti.
752 545 792 583 in
823 546 1005 584 examine
1036 558 1107 597 pro
1138 546 1284 597 gradus
1315 545 1559 584 Candidatus
1586 546 1702 584 mini-
1740 589 1744 594 ,

317 615 429 653 sterii
466 615 600 666 legum
636 615 832 654 Ecclesiae
863 622 1022 654 nostrae
1053 615 1196 667 peritia
1226 616 1268 654 in
1299 614 1541 667 Theologiae
1571 614 1702 654 candi-

318 683 422 722 datis
453 684 693 735 requiratur.

317 792 522 832 Immerito
565 793 630 832 lex
673 793 948 832 Ecclesiastiea
992 793 1208 832 ministerii
1247 792 1482 832 candidatos
1519 805 1541 831 a
1579 803 1704 831 sacra-

319 869 547 901 mentorum
578 862 927 901 administratione
958 868 1077 900 arcet.

317 959 361 999 In
405 958 672 1012 »Reglement
702 972 751 1012 op
780 960 830 999 de
860 959 1107 999 vacaturen”
1145 959 1340 999 delendus
1370 965 1431 998 est
1463 966 1533 998 art.
1565 961 1625 999 55.

319 1130 364 1169 In
394 1129 547 1169 Psalmo
572 1128 687 1169 XVII.
714 1129 871 1169 13—15’
899 1129 1121 1168 animarum
1148 1128 1456 1168 resurrectionis
1475 1129 1628 1168 mentio
1653 1128 1710 1167 fit.

319 1234 475 1274 Ibidem
505 1247 558 1274 vs.
590 1235 651 1273 14.
682 1238 910 1297 5-32—:2’013732
939 1234 1098 1286 legatur
1128 1224 1358 1297 qvpp'apqap.
1671 1215 1688 1232 ¹

320 1340 463 1378 ierem.
503 1337 565 1377 VI.
599 1339 633 1376 7.
669 1350 739 1390 pro
770 1328 831 1374 'un
861 1350 950 1375 eum
990 1336 1228 1376 masorethis
1265 1338 1424 1389 legatur
1454 1343 1527 1389 '5353
1557 1345 1597 1377 et
1634 1338 1712 1377 for-

324 1457 410 1483 mae
442 1447 531 1502 ἾῬΐ]
560 1449 601 1482 et
630 1445 729 1501 7*ῇῇζῖ
759 1442 995 1481 deriventur
1025 1454 1045 1479 a
1077 1441 1158 1479 rad.
1189 1446 1260 1500 ἿἹΡ.

257 1648 264 1655 .
323 1616 570 1655 Vocabulum
608 1617 780 1656 θάνατος
821 1615 861 1652 in
898 1612 967 1652 Ro.
1000 1612 1042 1651 V.
1077 1614 1136 1652 12.
1167 1613 1216 1652 de
1247 1619 1376 1652 morte
1407 1613 1569 1666 physica
1600 1615 1715 1654 intel-

324 1686 396 1738 ligi
426 1685 579 1737 nequit.

326 1790 525 1829 Vocabula
556 1788 652 1840 ὑπὲρ
682 1791 752 1840 γάρ
771 1819 779 1826 .
798 1818 832 1827 ..
862 1788 1083 1826 ἀποθανεῖν
1114 1786 1164 1825 ib.
1194 1800 1228 1826 v.
1253 1787 1287 1826 7.
1317 1787 1566 1840 plausibilem
1593 1789 1716 1828 inter-

326 1861 592 1913 pretationem
622 1865 820 1897 resusant.
1119 1854 1122 1858 ”
1322 1859 1326 1865 ’

326 1958 571 1999 Matthaeum
597 1958 832 2010 Apostolum
858 1957 1094 2008 portitorem
1120 1956 1240 1994 fuisse
1258 1963 1563 2003 nc'statuamus‚
1581 1958 1716 1997 critica

328 2030 604 2070 narrationum
640 2026 974 2078 Euangelicarum
1005 2026 1248 2077 comparatio
1278 2033 1397 2065 vetat.

329 2134 399 2174 Mc.
429 2135 473 2172 X.
505 2133 554 2172 43
585 2140 626 2172 et
656 2133 718 2170 44.
748 2132 869 2171 lectio
899 2132 989 2175 ἔςαι
1016 2131 1220 2181 antiquior
1245 2137 1324 2174 est,
1354 2144 1472 2182 quam
1498 2132 1617 2170 lectio
1643 2134 1719 2177 ἔςω

331 2206 371 2243 in
411 2205 498 2242 loco
539 2203 674 2255 parall.
715 2200 829 2239 Mtth.
871 2201 949 2239 XX.
980 2201 1051 2244 26,
1082 2200 1144 2238 27.
1203 2199 1447 2239 Vocabulum
1487 2201 1631 2239 dubiae
1672 2202 1720 2240 si-

332 2273 602 2326 gnificationis
633 2271 736 2323 apud
766 2269 942 2308 Marcum
973 2269 1162 2321 languide
1193 2269 1405 2308 admodum
1433 2270 1720 2322 interpretatus

334 2350 396 2382 est
425 2343 574 2393 Euang.
606 2340 723 2392 primi
754 2346 904 2378 auctor.

334 2450 352 2487 1
386 2447 439 2486 Io.
470 2445 535 2485 ΙΙΙ.
566 2447 628 2485 20.
660 2458 731 2498 pro
760 2458 837 2484 rec.
867 2446 957 2484 lect.
989 2447 1051 2483 ὅτι
1077 2444 1144 2482 ἐὰν
1174 2445 1262 2497 lege
1295 2447 1316 2483 ὅ
1344 2461 1382 2483 τι
1413 2445 1470 2485 ἄν.

335 2554 353 2591 1
384 2552 436 2592 Io.
459 2551 502 2591 V.
531 2553 565 2597 7,
592 2552 627 2590 8.
658 2563 738 2589 non
766 2557 925 2589 tantum
956 2556 1052 2588 text.
1082 2562 1159 2588 rec.
1190 2549 1311 2588 verba
1341 2551 1382 2587 ἐν
1412 2554 1463 2604 τῷ
1494 2553 1642 2605 οὐρανῷ
1671 2574 1723 2580 —

336 2623 377 2660 ἐν
412 2628 455 2673 τῇ
489 2628 532 2674 γῇ
572 2622 736 2660 testium
781 2620 1021 2658 auctoritate
1067 2620 1288 2658 omittenda
1332 2627 1446 2665 sunt,
1489 2621 1558 2659 sed
1603 2622 1723 2660 etiam

336 2692 479 2737 verba,
520 2703 620 2742 quae
659 2696 834 2733 restant,
874 2692 934 2726 ὅτι
965 2697 1070 2739 τρεῖς
1099 2711 1152 2716 ——
1181 2688 1220 2726 ἕν
1251 2693 1377 2734 εἰσιν,
1417 2690 1575 2728 tametsi
1610 2690 1722 2728 codd.

338 2760 636 2804 commendata,
680 2766 796 2798 vetus
841 2758 1036 2810 glossema
1075 2757 1269 2797 redolent.
1327 2757 1632 2811 Coniungantur
1668 2772 1723 2799 vs.

339 2833 362 2871 6
393 2838 434 2871 et
464 2832 499 2869 9.

847 2935 1100 2958 ψ
