1849 3239
941 81 991 120 92

211 216 492 269 perhiberent,
523 223 632 254 extra
661 215 885 254 Catholicae
918 214 1115 256 Ecclesiae
1146 219 1464 259 communionem
1495 229 1535 260 et
1560 222 1709 262 hierar-

211 285 338 324 chiam
380 286 556 337 papalem
595 285 650 322 nil
689 284 764 322 nisi
806 285 960 323 ruinam
997 295 1036 324 et
1067 287 1233 324 exitium
1265 288 1448 340 religioni
1484 303 1710 343 superesse;

213 355 319 393 omni
358 366 449 392 mox
489 354 642 392 sublata
683 354 920 392 auctoritate
957 361 997 393 et
1033 357 1214 395 veritatis
1238 357 1512 399 ·sundamento
1549 359 1739 420 excusso⁴

211 424 368 462 iamiam
409 423 682 474 unusquisque
713 429 831 473 prout
865 423 1023 463 libitum
1054 432 1179 470 esset,
1219 427 1377 466 sibimet
1408 430 1489 480 ipse
1521 432 1714 471 scriberet

211 492 320 543 leges
354 498 394 530 et
429 503 637 530 commune
669 492 846 529 omnium
877 491 1055 532 fidelium
1085 495 1351 534 sacerdotium
1380 498 1554 538 ludibrio
1585 502 1713 540 verte-

211 567 335 599 retur.
394 559 578 599 Calvinus
604 560 749 598 vulnus
772 560 870 599 illud
897 561 1070 613 detegit,
1097 569 1136 601 et
1162 564 1202 602 ni
1233 565 1311 603 cito
1340 566 1590 614 mederetur,
1622 568 1713 608 Pro-

211 630 444 669 testantium
485 641 625 667 causae
656 629 774 667 fatale
804 630 888 668 sore
919 631 1094 684 vidit21).
1152 632 1387 673 Medicinam
1417 636 1542 688 igitur
1571 638 1713 677 afferre

211 706 376 738 conatus
429 704 509 742 est,
558 704 598 736 et
641 698 784 738 docere
824 700 951 738 voluit
988 699 1257 741 Romanenses
1295 705 1401 743 inter
1441 705 1714 748 Protestantes

213 780 370 820 quoque
411 767 571 819 egregie
613 767 729 806 condi
767 781 879 820 posse
915 768 1152 815 Ecclesiam,
1192 772 1349 812 illorum
1390 773 1564 815 Ecclesia
1594 778 1713 830 longe

211 838 372 889 quidem
416 837 768 889 praestantiorem;
814 837 1085 878 Protestantes
1130 853 1287 893 quoque
1336 843 1495 883 firmum
1544 845 1713 893 habere,

212 920 290 959 quo
316 906 540 945 aedificium
571 919 686 945 suum
717 914 1065 959 superstruerent,
1100 910 1280 949 veritatis
1309 912 1632 961 fundamentum
1660 917 1713 956 sa-

211 977 285 1015 eile
311 976 485 1028 denique
506 977 635 1028 papali
661 976 931 1016 dominatione
958 981 1094 1017 carere
1116 978 1407 1026 protestantes,
1434 996 1563 1035 neque
1581 993 1714 1026 tamen

211 1058 297 1084 esse
333 1046 382 1084 de
422 1045 498 1084 rite
538 1046 757 1098 composito
796 1053 902 1085 statu
938 1047 1045 1086 inter
1080 1061 1148 1087 eos
1179 1050 1470 1102 desperandum
1488 1054 1552 1104 2²).
1611 1055 1714 1101 Quid

212 1127 308 1167 ergo
348 1114 662 1154 Romanensibus
698 1117 900 1167 opposuit,
940 1123 985 1155 ut
1012 1111 1304 1168 perniciosum,
1345 1122 1451 1172 quod
1482 1123 1712 1170 vibrabant,

212 1184 260 1222 iis
286 1190 544 1235 extorqueret
571 1184 717 1223 telum?
768 1185 975 1230 Quodnam
1008 1187 1267 1239 anabaptistis
1296 1190 1433 1230 iniecit
1462 1192 1715 1240 frenum,'ut

211 1253 371 1291 illorum
402 1254 553 1292 rabiem
583 1254 791 1293 domaret?
845 1254 1008 1308 Perlege
1040 1257 1125 1295 eius
1154 1259 1320 1310 scripta,
1350 1261 1474 1299 lustra
1505 1263 1713 1303 historiam

212 1322 412 1363 Ecclesiae
443 1323 706 1370 Genevensis,
745 1331 786 1363 et
825 1326 984 1365 illarum
1022 1328 1220 1374 omnium,
1264 1343 1360 1380 quas
1404 1331 1549 1370 invasit
1589 1333 1712 1372 Calvi-

212 1392 384 1437 nismus,
429 1393 540 1438 vide,
584 1394 680 1445 quid
724 1395 853 1446 egerit
897 1397 1002 1448 ipse,
1046 1403 1086 1435 et
1130 1399 1196 1449 qui
1242 1412 1375 1450 presse
1421 1401 1507 1451 ejus
1545 1404 1714 1455 vestigia

213 1463 339 1501 secuti
371 1469 485 1507 sunt,
523 1470 563 1502 et
593 1463 707 1502 facile
739 1471 778 1502 tc
809 1464 966 1504 habebo
997 1467 1337 1514 consentientem,
1377 1470 1599 1510 doctrinam
1631 1473 1715 1511 ubi-

209 1544 285 1583 que
311 1532 543 1584 primarium
570 1535 821 1585 occupavisse
847 1535 994 1581 locum,
1022 1549 1123 1588 quae
1150 1550 1221 1589 pro
1247 1539 1380 1577 indole
1407 1552 1475 1579 sua
1502 1554 1546 1580 ae
1570 1549 1713 1582 natnra

207 1601 377 1653 rigidam
406 1615 563 1641 morum
593 1604 870 1643 austeritatem
901 1613 1042 1657 sponte
1072 1619 1207 1646 secum
1236 1608 1405 1648 induxit.

387 1740 414 1793 55
443 1741 480 1779 2.
537 1740 592 1780 De
619 1741 680 1781 via
709 1754 753 1782 ac
781 1744 947 1791 ratione,
977 1746 1108 1798 quibus
1137 1746 1310 1787 Ecclesia
1339 1754 1526 1800 operetur.

261 1879 386 1925 Quam
416 1879 615 1919 indefesse
646 1881 832 1922 Calvinus
861 1897 931 1936 per
961 1886 1194 1925 continuum
1225 1900 1419 1928 annorum
1449 1890 1591 1928 scriem
1617 1890 1706 1929 doc-

205 1949 351 1987 trinam
389 1961 499 1988 suam
529 1963 550 1989 e
581 1958 771 2003 suggestu
806 1955 953 2006 populo
984 1955 1215 2001 tradiderit,
1260 1957 1417 1996 abunde
1449 1966 1619 1997 testatur
1649 1960 1705 1998 in-

205 2031 302 2070 gens
341 2030 542 2058 sacrarum
583 2021 807 2061 orationum
847 2025 978 2075 copia,
1018 2038 1134 2076 quam
1165 2039 1271 2064 nune
1301 2028 1421 2066 etiam
1452 2029 1706 2080 superstitem

203 2086 416 2132 habemus,
458 2095 498 2127 et
536 2092 705 2141 pastoris
744 2092 868 2144 igitur
907 2094 1037 2144 quoad
1076 2095 1187 2134 verbi
1231 2097 1497 2135 ministerium
1540 2111 1706 2137 munere

205 2169 396 2208 perquam
427 2157 643 2210 diligenter
672 2160 831 2200 functus
861 2169 930 2201 est.
989 2162 1139 2203 Eodem
1170 2162 1327 2217 quoque
1362 2168 1536 2218 pertinet
1567 2166 1705 2206 Docto-

204 2238 294 2265 rum
331 2226 554 2272 institutio,
593 2242 693 2280 quae
733 2232 844 2283 origo
882 2233 958 2271 suit
997 2234 1163 2273 illustris
1202 2235 1458 2281 Academiae,
1497 2250 1614 2288 quam
1653 2247 1704 2276 a0.

245 2376 285 2416 21)
311 2376 431 2407 Notatu
459 2376 591 2417 dignum
625 2378 779 2419 primum,
821 2393 912 2423 quem
946 2383 1045 2415 edidit
1073 2384 1260 2426 polemicum
1290 2384 1433 2416 libellum
1467 2396 1529 2417 non
1557 2386 1702 2426 Roman,

205 2431 258 2462 sed
284 2431 507 2473 Anabaptistas
538 2432 697 2474 petivisse.
727 2436 1069 2481 (Psgseliopanvychz'mn
1094 2439 1188 2479 volo).
1213 2439 1260 2471 Cf.
1285 2448 1382 2470 DYER.
1408 2451 1434 2471 0.
1455 2440 1477 2472 l.
1496 2441 1554 2480 29,
1578 2451 1703 2474 HENRY.
1764 2484 1769 2488 .

207 2485 274 2517 ο.1.
303 2486 329 2517 I.
356 2486 407 2518 62.
436 2495 575 2519 GOEBEL.
604 2488 670 2520 ο.1.
698 2489 724 2521 Ι.
751 2490 824 2523 299.
850 2501 978 2525 Guion.
1007 2493 1069 2526 o.l.
1097 2505 1126 2536 p.
1151 2494 1202 2526 59.
1240 2493 1309 2535 Qua
1337 2494 1370 2525 in
1398 2505 1429 2526 re
1457 2495 1533 2527 bene
1559 2500 1704 2538 reputan-

205 2539 280 2572 dum
296 2542 358 2580 est,
372 2551 465 2582 quam
481 2541 594 2573 acriter
614 2543 755 2576 Genevae
776 2546 934 2579 Libertini
955 2548 1085 2580 ducibus
1106 2559 1311 2590 BENEDICTO,
1330 2559 1524 2590 ιΕοΒΙΕΝεΙ,
1543 2560 1704 2592 PERRINO,

208 2595 281 2627 aliis
308 2596 344 2627 <le
371 2596 507 2628 victoria
531 2608 602 2628 cum
625 2609 660 2630 eo
688 2600 926 2635 decertaverint.
963 2603 1009 2635 Cf.
1034 2613 1132 2636 DYER.
1157 2605 1223 2636 0.1.
1249 2606 1305 2644 29,
1332 2607 1390 2644 66,
1416 2606 1468 2640 79.
1492 2615 1617 2638 HENRY.
1641 2607 1704 2638 o.l.

206 2649 251 2681 II.
274 2651 461 2683 430—439.
485 2652 644 2685 DEVISME.
669 2654 730 2686 0.l.
754 2666 784 2696 p.
811 2656 862 2688 12.
888 2666 1053 2690 CHEYRON.
1077 2648 1180 2690 Elude
1208 2671 1262 2691 sm·
1288 2661 1333 2691 les
1361 2661 1518 2692 Libertina·
1544 2661 1703 2702 spirituas

206 2704 249 2736 du
274 2705 363 2735 XVIe
386 2705 489 2739 siecle.
515 2706 632 2740 Strasb.
659 2710 754 2742 1858.
778 2721 809 2752 p.
834 2713 864 2743 4«.

243 2760 283 2800 22)
310 2760 358 2792 Cf.
388 2770 522 2796 SAYOUS.
552 2753 656 2796 Etude
684 2766 745 2797 litt.
778 2778 833 2799 sur
863 2768 908 2799 les
939 2767 1029 2800 e'eriv.
1052 2768 1164 2811 franq.
1196 2769 1234 2800 de
1257 2771 1290 2801 Za
1316 2770 1454 2812 Reform.
1480 2771 1580 2803 Paris.
1608 2772 1703 2803 1854.

206 2814 294 2846 2ieme
317 2816 363 2847 ed.
389 2816 415 2848 Ι.
440 2827 469 2858 p.
496 2818 547 2851 83.
575 2822 606 2850 et
634 2829 763 2852 GUIZOT.
788 2832 815 2854 0.
834 2822 855 2854 l.
884 2834 913 2865 p.
941 2824 1014 2855 116.
1051 2824 1176 2855 Eximia
1198 2835 1269 2856 sane
1296 2836 1313 2856 a
1340 2827 1452 2857 natura
1474 2836 1580 2858 rerum
1603 2826 1703 2868 dispo-

205 2870 379 2903 nendarum
405 2871 554 2904 facultate
581 2877 648 2907 erat
677 2876 853 2917 praeditus,
885 2880 921 2909 ut
949 2880 1035 2914 recte,
1060 2878 1123 2912 obS.
1155 2889 1294 2913 GOEBEL.
1327 2880 1393 2914 o.1.
1423 2881 1453 2913 S.
1479 2882 1541 2914 294
1572 2882 1602 2913 ct
1630 2890 1704 2912 FLA-

204 2933 311 2957 MAND.
337 2937 364 2959 o.
387 2926 408 2958 l.
433 2937 463 2968 p.
488 2928 541 2960 44.
1125 2929 1129 2933 '
1228 2932 1231 2933 ⁷
