1879 3239
1652 115 1695 141 111

187 251 340 280 scamus
378 238 473 291 ipsi,
511 243 552 277 et
589 249 667 289 quo
705 237 825 276 latius
857 235 926 276 Dei
956 236 1083 275 virtus
1113 246 1198 274 sese
1229 240 1385 273 exserat
1414 235 1456 273 in
1487 235 1691 280 omnibus,

184 322 265 349 non
303 308 471 361 poterit,
507 307 602 358 quin
631 307 673 345 in
703 306 787 346 dies
816 306 941 358 magis
970 311 1109 344 mutua
1139 303 1309 342 affinitas
1338 310 1500 355 propter
1529 316 1688 348 verum,

183 379 333 418 bonum
371 384 488 428 atque
528 377 737 431 pulchrum
776 375 903 415 Deum
940 375 1089 427 ipsum,
1129 379 1169 412 ct
1198 380 1362 425 propter
1391 372 1462 411 Dei
1491 373 1533 411 in
1565 375 1688 411 omni-

182 447 255 486 bus
292 445 614 498 patefactionem,
650 446 792 484 fratres
820 449 979 482 nostros
1008 443 1176 494 diligere
1207 448 1326 493 atque
1357 427 1503 480 amare'
1518 453 1590 480 nos
1621 442 1687 480 do-

183 523 287 562 ceat;
327 516 433 569 quod
473 526 553 557 tam
581 515 748 554 sublime
778 513 888 551 iuxta
919 525 962 550 ac
992 511 1224 563 simpliciter
1254 511 1365 549 Iesus
1394 511 1574 549 elocutus
1605 517 1685 555 est,

179 585 248 625 ubi
277 599 298 624 a
324 586 416 639 Deo]
431 592 633 640 precatur:
665 586 727 622 ἵνα
754 587 894 624 πάντες
920 581 960 620 ἕν
986 576 1103 628 ὦσιν,
1139 581 1270 622 καθὼς
1300 582 1349 618 σύ
1379 584 1500 630 πατήρ
1528 579 1568 616 ἐν
1596 579 1684 628 ἐμοὶ

178 656 280 707 κάγὼ
307 656 348 693 ἐν
373 662 459 704 σοί,
491 659 553 694 ἵνα
578 657 643 693 καὶ
667 656 780 692 αὐτοὶ
804 653 845 689 ἐν
868 652 956 701 ἡμῖν
985 646 1098 694 ὦσιν,
1132 652 1194 688 ἵνα
1209 644 1305 709 ᾧσιν
1321 649 1381 693 ἕν,
1414 650 1546 691 καθὼς
1572 649 1681 698 ἡμεῖς

178 723 239 771 ἕν,
280 727 342 763 ἵνα
380 722 475 764 ὦσιν
505 724 799 773 τετελειωμένοι
828 726 883 764 εἰς
914 721 953 760 ἕν
971 721 1011 771 ¹¹).
1069 719 1229 771 Absque
1259 718 1330 757 Dei
1362 719 1401 756 in
1433 730 1580 770 genere
1610 717 1682 756 hu-

174 805 292 833 mano
322 795 602 839 immanentia,
631 794 699 845 qui
728 793 770 831 in
800 798 1006 830 aeternum
1038 788 1237 827 Ecclesiae
1268 787 1379 826 notio
1409 787 1570 826 defendi
1595 799 1680 839 pos-

153 863 255 908 'set‚
293 876 373 903 non
412 865 549 909 video;
589 864 657 915 qui
695 868 854 906 contra,
893 860 925 898 si
963 858 1068 898 Deus
1106 859 1146 896 in
1186 857 1302 896 nobis
1333 857 1516 896 omnibus
1546 862 1606 894 est
1635 868 1680 894 ac

174 940 381 984 operatur,
433 933 631 972 Ecclesiae
683 931 891 970 interitum
934 927 1179 980 praesentire
1223 927 1311 978 quis
1355 926 1429 964 sibi
1474 925 1677 969 videatur,

175 1016 334 1055 prorsus
372 1015 451 1041 non
485 1003 606 1054 capio.
664 999 787 1039 Vetus
817 997 1013 1042 Ecclesia,
1044 996 1170 1048 qualis
1199 995 1284 1034 eius
1313 995 1426 1033 notio
1453 994 1574 1033 hodie
1605 994 1677 1033 eti-

171 1087 232 1112 am
258 1073 455 1125 plerisque
480 1072 628 1123 placet,
659 1068 730 1107 Dei
759 1066 1102 1106 transscendentia
1128 1065 1245 1103 unice
1266 1065 1348 1103 sere
1375 1064 1677 1116 superstruitur,

170 1143 276 1181 unde
313 1142 514 1192 sequitur,
553 1145 621 1177 aut
661 1151 739 1176 una
775 1150 863 1175 cum
904 1135 974 1174 Dei
1009 1135 1188 1173 absoluta
1219 1134 1543 1172 transcendentia
1573 1133 1676 1185 hanc

168 1223 325 1264 quoque
350 1209 550 1247 Ecclesiae
575 1208 780 1246 notionem
806 1204 1110 1257 relinquendam
1133 1215 1239 1248 esse,
1269 1210 1337 1242 aut
1353 1209 1491 1241 contra
1508 1203 1676 1254 pedibus

166 1280 427 1330 manibusque
453 1278 502 1317 ad
528 1276 744 1316 Romanam
769 1274 985 1314 Ecclesiam
1011 1286 1096 1312 esse
1123 1272 1395 1316 redeundum,
1421 1284 1522 1323 quae
1547 1279 1673 1311 trans-

165 1335 372 1388 scendenti
410 1347 672 1398 cosmologiae
709 1345 825 1384 unice
857 1343 1045 1383 convenit
1062 1342 1101 1395 ⁵).
1158 1341 1452 1380 Rcsorniatores
1482 1341 1672 1386 subinde,

162 1419 288 1470 magis
325 1418 445 1456 etiam
483 1416 800 1455 Reformatorum
839 1413 1163 1466 praedecessores
1196 1418 1236 1450 et
1267 1410 1571 1463 Anabaptistae,
1601 1409 1671 1450 Dei

161 1487 481 1530 immanentiam‚
530 1497 648 1537 quam
693 1497 713 1523 e
752 1483 973 1535 longinquo
1012 1486 1322 1533 praesenserunt
1360 1479 1513 1531 potius,
1552 1491 1670 1530 quam

161 1557 342 1596 funditus
372 1555 447 1594 sibi
478 1560 724 1607 perspectam
754 1552 1003 1595 habuerunt,
1043 1550 1093 1589 ad
1122 1549 1321 1588 Ecclesiae
1352 1560 1510 1600 quoque
1539 1548 1669 1586 notio-

160 1635 253 1664 nem
283 1625 500 1664 transserre
531 1623 662 1662 conati
693 1628 797 1660 sunt.
842 1620 942 1666 Quia
972 1627 1105 1659 tamen
1135 1618 1205 1657 Dei
1235 1617 1506 1657 mechanicam
1536 1618 1668 1669 potius

160 1695 323 1747 spiritus
361 1695 422 1733 sui
461 1693 712 1736 insitionem,
748 1703 866 1742 quam
896 1690 1134 1728 naturaliter
1164 1689 1404 1727 intrinsecus
1434 1687 1475 1726 in
1505 1686 1666 1726 homine

160 1777 246 1803 sese
288 1769 540 1803 exserentem
585 1761 858 1813 operationem
901 1759 975 1798 sibi
1015 1759 1314 1811 cogitaverunt,
1354 1769 1466 1801 mox,
1506 1763 1551 1796 ut
1589 1755 1666 1795 Lu-

158 1833 263 1872 theri
292 1832 527 1884 praesertim
552 1831 733 1882 exemplo
758 1829 992 1873 edocemur,
1022 1829 1063 1866 in
1089 1835 1292 1867 vetustum
1317 1839 1495 1866 errorem
1520 1826 1665 1877 relapsi

156 1902 316 1954 propius
353 1903 501 1940 iterum
540 1900 761 1939 necessarie
801 1899 850 1937 ad
881 1897 1191 1936 Romanensium
1232 1897 1427 1935 Ecclesiae
1457 1896 1663 1934 notionem

156 1971 386 2016 redierunt,
426 1982 526 2022 quae
567 1969 638 2009 Dei
669 1968 995 2008 transcendentia
1025 1972 1317 2018 superstructa,
1355 1965 1484 2004 multo
1521 1965 1663 2004 melius

155 2053 245 2080 cum
274 2032 482 2079 dualistica
510 2051 647 2078 eorum
678 2038 881 2090 cogitandi
911 2037 1065 2075 ratione
1096 2035 1370 2075 conveniebat.
1429 2034 1559 2080 Quum
1589 2034 1661 2087 igi-

157 2117 222 2148 tur
250 2109 425 2148 Ecclesia
454 2121 561 2147 nunc
590 2108 710 2147 etiam
741 2108 782 2146 in
812 2107 999 2146 universo
1024 2106 1196 2145 eundem
1218 2105 1492 2144 characterum
1517 2104 1660 2148 refert,

155 2191 232 2231 quo
261 2179 520 2231 signaverunt
549 2191 636 2217 eam
667 2182 760 2216 ante
788 2176 887 2215 haec
917 2177 994 2215 tria
1020 2176 1175 2215 saecula
1200 2174 1514 2218 Reformatores‚
1543 2173 1659 2212 facile

152 2249 415 2301 intelligitur,
444 2261 562 2300 quam
592 2259 711 2300 grave
742 2246 953 2285 discidium
982 2245 1101 2283 hodie
1127 2244 1176 2283 ab
1201 2244 1386 2282 universa
1410 2243 1535 2282 nostri
1559 2249 1657 2281 tem-

152 2318 258 2370 poris
287 2318 433 2357 mentis
462 2317 682 2356 directione
712 2314 929 2354 Ecclesiam
963 2314 1149 2359 divellat,
1178 2320 1219 2352 et
1248 2313 1350 2352 seria
1382 2313 1511 2351 oritur
1539 2324 1657 2364 quae-

152 2388 248 2432 stio,
285 2394 421 2426 utrum
461 2393 520 2426 tot
558 2386 808 2425 saeculorum
845 2385 1017 2423 decursu
1056 2382 1254 2422 Ecclesiae
1293 2382 1511 2421 catholicae
1544 2382 1657 2420 notio

152 2463 232 2495 tam
262 2464 369 2495 arcte
400 2469 489 2495 cum
520 2455 728 2495 dualistica
749 2454 988 2505 cosmologia
1013 2453 1226 2491 coniuncta
1251 2452 1321 2497 sit,
1351 2457 1397 2490 ut
1420 2464 1510 2490 cum
1535 2463 1655 2503 prava

150 2525 224 2565 hae
262 2526 458 2565 Ecclesiae
495 2525 660 2565 notione
699 2525 829 2576 ipsum
869 2535 1027 2575 quoque
1066 2521 1263 2561 Ecclesiae
1302 2533 1448 2560 nomen
1487 2521 1654 2560 interire

190 2689 216 2730 ⁴)
241 2689 332 2722 Jo‘z'm.
357 2687 459 2720 XVII.
485 2687 626 2720 21—23.

194 2745 220 2786 ⁵)
246 2743 350 2786 Quam
371 2742 513 2785 proxime
540 2743 603 2774 iam
633 2743 672 2775 ad
698 2743 870 2774 Romanam
892 2740 1069 2773 Ecclesiam
1087 2739 1271 2772 accesserint>
1293 2738 1459 2780 Pusyistae
1480 2740 1512 2771 et
1529 2737 1651 2781 Hyper-2

151 2799 342 2836 Lutherani,
372 2799 483 2829 notum
511 2800 567 2830 est.
596 2797 742 2829 Ulterius
767 2806 888 2839 quoque
926 2795 1128 2838 progreditur
1157 2798 1408 2833 MiiNCHMEYER‚
1438 2794 1492 2835 qui
1520 2794 1650 2832 statuit,

148 2855 217 2888 dass
259 2875 273 2891 n
287 2853 348 2885 alle
376 2852 558 2890 Gessausten,
585 2853 665 2884 auch
687 2852 738 2884 die
766 2851 930 2883 Gottlosen
958 2843 1021 2882 dnd
1048 2850 1209 2881 Heuchler
1236 2849 1361 2881 Glieder
1392 2849 1462 2880 sind
1484 2848 1538 2880 der
1559 2848 1652 2880 einen

150 2909 315 2947 „Kirche,
348 2907 466 2940 welche
502 2907 545 2939 ist
577 2906 631 2938 das
665 2907 741 2939 Leib
771 2906 824 2938 des
860 2905 1004 2939 Hernn.’²
1051 2906 1120 2938 Das
1150 2906 1271 2947 Doqma
1303 2916 1361 2938 von
1394 2905 1450 2937 der
1474 2904 1592 2937 Siclctb.
1620 2915 1650 2937 u.

147 2975 216 2999 uns.
239 2964 365 2998 Kirche.
387 2963 418 2996 S.
443 2962 517 2997 114.
