1849 3239
925 67 975 105 86

783 220 1006 267 CAPUT
1050 221 1122 268 ΙΙ.

336 359 490 387 CALV1N1
528 358 576 385 DE
615 357 770 385 nccesm
812 356 1047 390 SENTENTIA,
1088 355 1243 389 QUALEM
1278 355 1417 382 rflom'r
1451 356 1495 383 SE
1529 356 1568 383 IN

494 427 613 454 IPSIUS
643 427 681 453 m
711 426 818 453 ECCL.
848 425 986 452 GENEV.
1016 425 1159 452 acuum
1189 425 1355 452 RA'rioNE
1374 413 1412 466 ¹).

646 682 673 734 §5
703 683 738 722 1.
795 683 851 722 Dc
879 682 1075 723 Ecclesiae
1103 684 1261 723 notione.

258 820 393 866 Qualis
432 819 484 858 sit
522 818 723 858 Ecclesiae
757 819 890 864 notio,
935 819 1083 872 optime
1122 825 1406 871 cognoscetur,
1437 820 1468 858 si
1498 819 1548 859 de
1585 820 1706 860 huius

201 889 400 929 Ecclesiae
432 888 532 934 fine,
563 889 613 928 de
643 889 829 933 consilio,
860 889 967 940 quod
997 889 1072 928 sibi
1103 890 1350 941 propositum
1374 888 1518 934 habet,
1549 902 1706 929 accura-

201 961 281 999 tius
311 958 548 1010 inquisitum
579 959 668 997 erit.
725 957 938 997 Videamus
967 959 1092 1010 igitur
1116 959 1157 997 in
1188 971 1306 1010 quem
1335 957 1457 997 finem
1487 959 1708 998 tetenderit

201 1028 399 1072 Ecclesia,
440 1040 538 1079 quae
577 1027 814 1067 moderante
854 1027 1016 1066 Calvino
1057 1027 1239 1067 Gencvac
1279 1027 1439 1066 condita
1474 1034 1535 1066 est
1566 1041 1610 1066 ac
1638 1027 1708 1067 sso-

202 1098 296 1136 ruit.
355 1095 444 1135 Scio
487 1109 508 1135 a
548 1097 749 1148 plerisque
791 1097 910 1149 vulgo
955 1097 1063 1135 hunc
1103 1097 1224 1136 finem
1264 1098 1382 1136 unice
1420 1097 1709 1149 propemodum

201 1167 393 1207 moralem
435 1167 558 1206 fuisse
601 1166 826 1219 perhiberi,
870 1180 944 1206 nec
983 1167 1088 1219 sugit
1126 1179 1188 1205 me
1226 1166 1348 1205 huius
1393 1167 1709 1227 errorisncausa.

205 1236 335 1282 Quum
362 1236 479 1275 initio
511 1236 634 1275 seculi
664 1235 745 1274 xvii
773 1236 913 1275 ubiubi
944 1249 1015 1288 per
1044 1235 1241 1288 Europam
1266 1236 1342 1274 viri
1368 1236 1614 1281 existerunt,
1643 1237 1710 1288 qui

200 1305 490 1345 abominandae
526 1306 568 1344 in
603 1306 839 1357 religionem
871 1305 1135 1344 Christianam
1166 1305 1240 1343 sub
1270 1311 1414 1356 papatu
1445 1305 1710 1344 contumeliae

201 1376 411 1428 plusquam
453 1373 648 1425 pertaesi,
692 1371 892 1411 Romanae
931 1360 1180 1411 hierarchiae
1220 1373 1357 1424 iugum
1397 1373 1502 1411 serre
1542 1373 1711 1425 amplius

201 1430 462 1486 recusabant,
502 1448 542 1480 ct
581 1448 663 1481 tam
703 1441 777 1480 sibi
809 1454 926 1493 quam
957 1442 1044 1480 aliis
1074 1442 1225 1493 regiam
1257 1454 1328 1493 per
1358 1442 1478 1481 fidem
1509 1442 1558 1481 ad
1587 1441 1712 1480 Deum

204 1514 358 1566 aperire
395 1512 528 1550 denuo
558 1510 811 1549 conabantur
841 1511 966 1554 viam,
1006 1510 1154 1561 ubique
1186 1511 1368 1549 videmus
1398 1509 1712 1554 Reformatores,

206 1582 348 1621 codem
379 1580 442 1620 vel
473 1580 591 1619 simili
622 1585 662 1618 et
693 1579 799 1618 affini
830 1586 939 1618 certe
971 1579 1170 1631 profectos
1200 1580 1417 1631 principio,
1453 1580 1622 1618 similem
1652 1584 1713 1617 ut-

204 1658 296 1704 pote
335 1651 440 1690 viam
478 1649 700 1702 ingressos,
734 1649 789 1687 ita
828 1649 869 1688 in
909 1662 979 1688 sua
1010 1662 1208 1700 quemque
1239 1648 1412 1688 Ecclesia
1443 1655 1713 1702 satagentem,

202 1727 248 1760 ut
286 1732 367 1759 non
407 1726 489 1758 tam
528 1719 666 1770 procul
706 1718 754 1757 ab
794 1718 921 1757 altero
961 1719 1063 1757 alter
1103 1719 1252 1758 distare
1291 1719 1487 1758 videatur.
1548 1718 1593 1758 In
1633 1730 1713 1757 uno

204 1790 366 1829 Calvino
407 1796 540 1827 tamen
571 1788 728 1840 privum
761 1788 963 1839 quoddam
991 1794 1031 1827 et
1062 1788 1269 1840 proprium
1301 1789 1426 1827 veluti
1458 1789 1713 1832 observatur,

204 1859 312 1911 quod
343 1858 383 1896 in
414 1858 500 1896 aliis
530 1857 729 1896 minorum
761 1857 942 1908 gentium
973 1856 1054 1895 Diis
1080 1854 1290 1908 plerosque
1315 1857 1430 1909 sugit,
1477 1857 1713 1909 Disciplinae

206 1926 507 1966 Ecclesiasticae
539 1925 629 1964 volo
659 1937 787 1963 usum.
832 1923 969 1976 Neque
1001 1923 1171 1963 G-enevis
1198 1930 1354 1962 tantum
1376 1924 1601 1963 institutam
1627 1936 1714 1962 eam

207 1997 417 2049 rigidcquc
468 2001 648 2034 exactam
688 1993 1047 2046 deprehendimus,
1097 1993 1166 2031 sed
1205 1993 1246 2031 in
1285 1993 1471 2035 omnibus,
1508 1992 1716 2038 Ecclesiis,

208 2079 308 2118 quae
348 2064 500 2104 Calvini
540 2070 758 2103 sectatores
803 2062 1102 2101 instaurationis
1139 2074 1232 2101 suae
1272 2069 1453 2101 auctores
1484 2064 1590 2102 nacti
1621 2061 1716 2102 sunt

210 2135 379 2174 similem
417 2133 567 2185 ubique
607 2133 904 2171 institutionem
936 2132 1109 2184 viguisse
1139 2132 1207 2171 diu
1237 2131 1403 2171 historia
1442 2132 1569 2172 docet.
1627 2132 1715 2171 Cre-

209 2205 311 2244 dunt
344 2205 465 2256 vulgo
504 2203 623 2241 huius
666 2203 897 2254 disciplinae
928 2214 1044 2240 usum
1073 2208 1230 2240 tantum
1254 2214 1335 2240 non
1359 2202 1476 2240 unice
1496 2202 1537 2240 in
1561 2214 1716 2240 morum

209 2274 464 2313 honestatem
481 2273 672 2317 versisse,
698 2278 738 2311 et
769 2271 919 2310 Calvini
951 2272 1075 2323 igitur
1105 2270 1320 2309 Ecclesiam
1351 2284 1444 2322 prae
1470 2271 1613 2309 ceteris
1641 2271 1718 2309 hoc

212 2343 444 2395 insignitam
473 2342 595 2381 fuisse
625 2347 743 2386 nota,
773 2346 818 2379 ut
846 2341 973 2393 magis
996 2353 1112 2392 quam
1143 2353 1213 2379 eac
1237 2340 1454 2379 moralitati
1479 2340 1717 2379 consuleret.

213 2412 264 2452 Ut
294 2412 419 2451 libere
450 2412 599 2455 dicam,
631 2410 727 2462 quid
758 2410 947 2454 sentiam,
979 2411 1045 2461 qui
1076 2410 1131 2448 ita
1162 2409 1403 2461 loquuntur,
1434 2408 1585 2448 Calvini
1610 2422 1718 2448 men-

214 2488 294 2521 tem
335 2494 473 2534 parum
505 2481 676 2519 assecuti
708 2492 794 2518 esse
825 2479 923 2518 mihi
954 2480 1163 2523 videntur,
1203 2485 1243 2517 ct
1272 2479 1459 2517 ultimum
1488 2479 1719 2524 consilium,
1771 2470 1775 2474 ⁵

213 2551 320 2603 quod
354 2551 395 2589 in
421 2550 598 2589 Ecclesia
630 2562 700 2588 sua
730 2549 938 2588 condenda
968 2548 1219 2587 Rcsormator
1249 2547 1323 2586 sibi
1358 2549 1588 2600 proposuit,
1618 2548 1719 2587 nihil

214 2620 323 2660 aliud
361 2620 482 2658 fuisse
522 2625 641 2671 puto,
692 2631 810 2670 quam
850 2631 992 2670 purum
1032 2617 1191 2656 divinae
1240 2617 1459 2656 maiestatis
1503 2618 1654 2657 cultum
1679 2617 1719 2670 ²).

253 2750 278 2790 1)
304 2749 352 2782 Cf.
384 2757 498 2781 GOTTL.
527 2757 597 2780 VON
627 2750 781 2780 P6LENTZ.
822 2748 930 2780 Geselz.
963 2748 1018 2780 des
1036 2748 1283 2791 franziisisclzen
1316 2747 1523 2780 Calvim'smzcs
1556 2749 1590 2780 in
1618 2749 1721 2781 seiner

215 2805 349 2844 Elatiae,
375 2804 421 2836 bis
443 2815 511 2836 xum
536 2804 646 2846 Aufst.
670 2814 727 2835 von
751 2803 894 2836 Amboise
918 2803 938 2835 κ’.
963 2804 995 2835 J.
1021 2804 1116 2836 1560.
1142 2803 1253 2839 Gotha,
1279 2804 1375 2838 1857.
1401 2803 1428 2835 Ι.
1452 2804 1482 2837 S.
1506 2804 1572 2835 494
1595 2814 1660 2846 sqq.

252 2860 277 2900 2)
305 2860 352 2893 Cf.
383 2858 459 2890 haec
489 2858 591 2900 ipsius
621 2857 747 2890 Calvini
781 2856 893 2896 verba,
925 2869 941 2889 e
972 2858 1083 2890 libello
1121 2859 1285 2895 „Ordonm
1309 2857 1420 2891 Eccl.”
1457 2859 1516 2895 „la
1539 2859 1719 2901 discipline,

219 2915 296 2957 „qui
319 2916 366 2947 est
388 2923 449 2945 une
473 2913 560 2945 bride
577 2924 661 2955 pour
676 2913 794 2946 retenir
816 2915 848 2945 et
876 2911 1016 2955 dompter
1034 2903 1205 2957 ceux,'qui
1226 2916 1297 2946 sont
1311 2914 1441 2947 rebelles
1465 2912 1485 2946 ὰ
1508 2914 1542 2946 la
1565 2913 1720 2954 doctrine,

1840 622 1842 625 ⁷
1842 484 1849 564 Nema*
1847 415 1849 426 -
