1879 3239
865 75 917 114 15

143 226 215 252 »ac
245 212 376 251 baseos
399 209 580 250 veritatis
594 208 660 262 ⁷).”
703 208 938 247 Celebratur
963 213 1152 258 tanquam
1209 220 1381 259 »corpus
1407 207 1553 247 Christi
1571 207 1645 262 ⁸),’'

141 288 306 322 vocatur
334 279 508 318 Ecclesia
553 278 721 317 «domus
753 276 821 316 Dci
840 277 914 329 9),”
960 275 1216 314 »haereditas
1248 275 1404 315 Domini
1423 277 1513 329 ¹⁰)‚”
1550 293 1564 310 »
1578 289 1647 315 no·

142 349 258 388 »vale
289 348 359 388 Dei
378 349 470 401 ¹¹)‚''
529 348 692 387 »ovium
718 359 815 399 grex
833 345 922 398 l²),''
949 352 1007 385 cst
1034 345 1206 396 denique
1265 346 1467 385 »civitatis
1501 346 1648 389 instar,

143 419 284 464 »cuius
311 418 463 458 incolae
494 424 587 456 sunt
618 415 757 455 fideles
776 414 870 467 13).”.

227 555 255 609 §
284 556 319 594 4.
378 554 552 594 Ecclesia
580 552 742 593 visibilis
771 557 881 605 aeque
910 552 1135 598 invisibilis,
1165 557 1199 592 et
1227 556 1359 592 mmzta
1387 552 1582 605 utriusque

691 623 742 662 ad
771 622 929 662 invicem
957 622 1102 661 relatio.

196 761 380 801 Bisariam
411 762 460 801 ab
485 763 602 801 initio
625 761 950 813 Ecclesiologiam
977 773 1086 800 suam
1114 760 1298 800 Calvinus
1323 759 1582 812 despertivit,
1609 765 1650 798 ct

142 831 243 871 serie
273 832 356 884 agit
386 831 434 870 de
465 832 613 883 duplici
645 830 840 875 Ecclesia,
900 831 995 869 »illa
1027 829 1239 874 invisibili,
1271 830 1393 868 solius
1426 828 1494 867 Dei
1526 829 1650 867 oculis

142 918 157 935 n
172 901 404 952 conspicua,
507 932 514 939 .
538 900 631 945 hac,
663 913 763 951 quae
787 906 972 951 respectu
993 898 1199 937 hominum
1228 897 1401 938 Ecclesia
1427 898 1574 936 dicitur
1587 896 1650 950 ¹).”

141 969 323 1009 Eundcm
353 969 533 1008 ordinem
563 977 603 1009 et
634 981 706 1007 nos
736 969 860 1020 igitur
890 969 930 1006 in
961 967 1221 1018 disquirendo
1253 966 1573 1012 observabimus,
1609 972 1650 1005 et

142 1040 243 1078 serie
282 1038 433 1078 Calvini
473 1038 766 1090 explorabimus
806 1043 982 1075 mentem
1023 1037 1071 1074 dc
1102 1035 1277 1075 Ecclesia
1309 1035 1498 1075 invisibili
1529 1042 1649 1087 atque

141 1108 307 1152 visibili,
337 1115 377 1145 et
407 1107 455 1145 de
488 1108 696 1157 utriusque
727 1105 775 1144 ad
806 1092 976 1145 invicem
1006 1112 1145 1144 mutua
1176 1105 1382 1144 relatione.

193 1188 226 1214 a.
270 1175 443 1213 Ecclesia
475 1174 684 1213 invisibilis
714 1181 773 1214 est
831 1187 998 1227 »corpus
1029 1188 1072 1213 ac
1102 1175 1272 1213 societas
1305 1174 1506 1219 fidelium,
1550 1186 1649 1225 quos

141 1243 274 1283 »Deus
296 1244 345 1282 ad
368 1244 490 1283 vitam
512 1251 717 1283 aeternam
740 1244 1052 1296 praedestinavit
1069 1244 1139 1297 2),”
1184 1244 1470 1296 »congregatio
1492 1255 1648 1288 eorum,

140 1325 267 1364 »quos
320 1326 461 1352 arcana
511 1326 580 1353 sua
619 1313 816 1353 electione
856 1314 1059 1366 adoptavit
1090 1313 1131 1352 in
1162 1313 1330 1352 salutem
1348 1312 1420 1365 ³),’'
1469 1312 1647 1363 adeoque

139 1382 285 1421 »turba
329 1383 548 1421 electorum
565 1383 637 1437 ζ·),”
695 1401 710 1418 n
725 1382 918 1428 Ecclesia,
965 1396 1065 1435 quae
1110 1395 1249 1421 revera
1289 1389 1349 1421 est
1383 1395 1514 1422 coram
1546 1381 1648 1426 Deo,

140 1452 209 1491 »in
249 1464 365 1503 quam
406 1452 505 1490 nulli
541 1452 810 1503 recipiuntur,
849 1452 925 1491 nisi
965 1452 1033 1503 qui
1070 1459 1110 1490 et
1150 1451 1374 1503 adoptionis
1409 1452 1537 1504 gratia
1577 1450 1648 1493 filii

139 1520 239 1559 »Dei
278 1527 370 1559 sunt
408 1528 448 1559 ct
488 1520 661 1573 Spiritus
695 1521 1013 1560 sanctificatione
1043 1534 1136 1560 vera
1168 1520 1313 1560 Christi
1344 1521 1535 1560 membra.
1594 1519 1648 1558 Ac

142 1607 156 1624 n
171 1597 265 1638 tunc
305 1590 466 1640 quidem
496 1603 575 1629 non
607 1597 763 1629 tantum
793 1597 970 1635 sanctos,
1001 1591 1068 1642 qui
1099 1591 1139 1629 in
1171 1597 1278 1630 terra
1309 1591 1515 1635 habitant,
1545 1602 1648 1629 com-

141 1657 405 1709 »prehendit,
435 1659 505 1697 sed
535 1660 682 1698 electos
712 1672 870 1704 omncs,
902 1660 969 1711 qui
997 1660 1045 1698 ab
1068 1660 1222 1711 origine
1239 1660 1377 1699 mundi
1395 1659 1559 1699 suerunt
1577 1659 1604 1711 ⁵)
1616 1659 1650 1703 ,''

142 1727 212 1765 »in
256 1739 424 1778 quorum
461 1741 628 1767 numero
654 1722 754 1779 verqo
793 1729 1190 1781 comprehenduntur
1228 1729 1370 1773 etiam,
1415 1728 1483 1779 qui
1521 1733 1649 1767 morte

142 1813 158 1831 »
171 1797 350 1835 defuncti
390 1798 566 1850 sunt⁶).''
624 1797 752 1836 »Nam
783 1799 837 1837 sic
868 1799 985 1837 electi
1019 1798 1088 1838 Dei
1118 1811 1267 1837 ommes
1297 1799 1337 1837 in
1368 1798 1527 1837 Christo
1558 1804 1651 1836 sunt

141 1882 157 1899 »
171 1865 359 1909 connexi,
386 1873 430 1904 ut
455 1867 793 1917 quemadmodum
824 1867 872 1905 ab
903 1880 983 1906 uno
1013 1868 1141 1919 capite
1160 1852 1357 1920 pendent,
1397 1867 1452 1906 ita
1470 1867 1510 1906 in
1529 1879 1651 1905 unum

141 1950 157 1968 »
170 1935 280 1973 velut
310 1946 451 1986 corpus
481 1937 729 1981 coalescunt,
769 1949 815 1975 ea
846 1937 953 1975 inter
983 1950 1023 1976 se
1049 1949 1238 1989 compage
1265 1936 1547 1981 cohaerentes,
1575 1949 1652 1987 qua

141 2003 350 2043 »ciusdem
380 2006 555 2057 corporis
584 2005 782 2045 membra:
814 2019 908 2045 vere
934 2019 1059 2046 unum
1085 2007 1201 2051 sacti,
1231 2007 1299 2058 qui
1325 2020 1403 2045 una
1430 2006 1532 2051 fide,
1562 2019 1651 2058 spe,

143 2072 388 2119 »charitate‚
432 2075 574 2114 eodcm
618 2074 689 2114 Dei
730 2074 881 2127 Spiritu
921 2076 1039 2115 simul
1079 2076 1241 2121 vivunt,
1281 2088 1362 2115 non
1402 2075 1443 2114 in
1483 2075 1651 2115 eandem

142 2142 290 2181 »modo
324 2141 431 2181 vitae
466 2148 651 2181 aeternae
688 2142 1001 2189 haereditatem,
1032 2143 1101 2183 sed
1127 2145 1168 2182 in
1194 2144 1313 2183 unius
1340 2143 1410 2183 Dei
1437 2156 1481 2182 ac
1505 2143 1651 2183 Christi

195 2303 221 2346 7)
247 2306 321 2338 Ant.
352 2306 423 2339 adv.
455 2308 517 2338 art.
537 2306 611 2348 fac.
647 2306 750 2338 Theol.
781 2307 859 2339 Par.
887 2308 946 2339 art.
979 2307 1035 2346 18,
1060 2307 1147 2341 Tom.
1172 2307 1266 2340 VIII.
1298 2319 1328 2351 p.
1358 2307 1457 2348 198b3
1482 2310 1654 2353 Responsio

147 2363 256 2393 contra
279 2370 370 2393 Pleu.
395 2361 483 2394 Tom,
507 2361 601 2393 VIII.
625 2371 657 2403 p.
683 2362 775 2394 13212.

198 2414 225 2455 8)
249 2415 298 2446 11³
324 2416 388 2459 def.
413 2419 523 2448 contra
546 2425 572 2449 J.
596 2425 739 2449 WESTPH.
764 2417 851 2450 Tom.
865 2417 960 2450 VIII.
984 2428 1015 2459 p.
1043 2418 1137 2456 666a3
1160 2419 1270 2452 Comm.
1288 2419 1333 2452 ad
1346 2420 1428 2462 Epic.
1450 2420 1479 2452 1.
1497 2420 1548 2452 22.
1565 2419 1655 2453 etad

148 2468 166 2499 1
195 2469 244 2501 Co.
269 2470 342 2502 XII.
368 2471 420 2502 12.
444 2470 484 2503 al.

200 2523 225 2562 ⁹)
253 2523 361 2557 Comm.
387 2525 431 2556 ad
449 2525 545 2558 Hebr.
570 2525 634 2559 III.
659 2527 696 2565 3,
720 2527 765 2559 ad
788 2528 805 2558 1
834 2528 910 2560 Tim.
937 2528 1002 2560 III.
1028 2529 1067 2560 15
1093 2530 1126 2560 et
1149 2528 1194 2561 ad
1217 2529 1234 2560 1
1261 2529 1317 2562 Pe.
1341 2529 1386 2562 Π.
1411 2529 1441 2562 5.

188 2577 227 2618 l⁰)
258 2578 369 2611 Comm.
396 2580 441 2611 ad
464 2581 480 2611 1
507 2581 562 2612 Pe.
588 2581 625 2614 V.
651 2582 681 2613 3.

185 2633 227 2673 ¹¹)
251 2634 309 2675 Ep.
337 2633 469 2665 calvini.
492 2635 579 2669 Tom.
603 2632 677 2667 be.
703 2647 733 2678 p.
758 2636 848 2670 123³.

187 2687 227 2728 ¹‘-‘)
252 2688 332 2720 Iasi.
357 2688 411 2720 IV.
437 2689 466 2721 2.
492 2689 521 2722 3.
656 2691 695 2731 ¹³)
725 2692 836 2725 Comm.
861 2693 907 2724 ad
931 2693 994 2725 Col.
1018 2692 1074 2726 IV.
1101 2694 1130 2726 5.

202 2742 226 2781 ¹)
250 2744 330 2775 Inst.
356 2743 412 2777 IV.
438 2745 467 2775 1.
494 2744 523 2777 7.
658 2747 683 2787 2)
712 2747 777 2778 Cat.
807 2747 919 2778 Genev.
945 2747 1031 2780 Tom.
1057 2747 1148 2779 VIII.
1176 2747 1243 2778 16³.

200 2798 225 2837 3)
250 2799 342 2839 Resp.
367 2798 412 2830 ad
432 2807 548 2831 SADOL.
572 2798 659 2834 Tom.
683 2800 776 2833 VIII.
802 2800 891 2833 108³.
1026 2801 1052 2841 ⁴)
1081 2801 1149 2833 Cat.
1178 2801 1292 2834 Genev.
1316 2800 1404 2836 Tom.
1428 2801 1521 2835 VIII.
1548 2801 1615 2835 16³.

202 2852 213 2872 ⁵
251 2854 331 2885 Inst.
357 2853 412 2886 IV.
439 2855 468 2887 1.
495 2853 525 2887 7.

201 2854 226 2948 ⁶}
251 2909 331 2941 Inst.
356 2907 411 2942 IV.
436 2909 466 2941 1.
492 2910 522 2943 2.
548 2909 586 2942 cs.
610 2911 703 2953 Resp.
727 2911 773 2944 ad
794 2911 949 2954 versipell.
973 2910 1138 2954 quendam.
1161 2911 1250 2944 Tom.
1274 2911 1368 2946 VIII.
1393 2912 1485 2946 31011.
