1849 3239
879 81 954 120 186

168 216 248 254 siae
278 215 515 254 relationem
545 216 711 261 attinet,
741 215 927 255 Calvinus
955 216 1194 256 Iudaeorum
1225 216 1499 257 Theoeratiam
1529 218 1571 256 in
1601 216 1671 255 Ec-

169 285 287 323 clesia
318 284 541 324 Christiana
572 286 771 330 restituit,
802 286 979 337 adeoque
1010 293 1162 325 tantam
1191 287 1443 337 magistratui
1472 288 1512 325 in
1544 287 1672 326 Eccle-

168 354 265 392 siam
296 353 550 393 efficientiam
590 355 754 399 tribuit,
792 362 837 393 ut
877 355 1086 407 approbari
1123 356 1158 394 ei
1194 355 1367 394 debeant
1397 362 1574 407 pastores
1603 355 1673 394 Ec-

170 423 314 461 clesiae
345 436 503 467 omnes,
534 424 712 462 seniores
740 432 860 475 atque
891 425 1069 469 diaconi;
1104 437 1125 463 e
1155 437 1227 464 suo
1256 425 1389 463 medio
1417 425 1674 476 magistratus
1732 414 1736 418 ⁴

171 504 244 544 pro
282 492 400 530 libitu
440 504 513 530 suo
553 492 734 544 deleget,
774 493 842 544 qui
881 493 1050 531 senioris
1086 499 1205 545 atque
1245 494 1400 532 diaconi
1438 506 1605 532 munere
1635 494 1676 532 in·

172 560 347 599 Ecclesia
376 561 554 600 functuri
585 562 685 606 sint;
715 562 807 600 lites
836 570 1047 614 componat
1086 563 1136 602 de
1175 563 1380 602 doetrinae
1410 575 1605 604 consensu
1636 563 1677 601 in

173 635 374 681 pastorum
415 630 584 681 collegio
624 630 805 674 obortas;
836 630 968 682 gladio
999 630 1172 681 denique
1203 644 1223 669 a
1255 630 1336 669 Deo
1366 631 1439 669 sibi
1470 633 1678 670 commisso

175 698 466 737 animadvertat
506 699 546 737 in
586 711 674 743 eos,
704 700 772 750 qui
801 699 985 738 haeresin
1017 701 1099 738 sive
1129 701 1296 739 schisma
1326 702 1367 739 in
1398 702 1570 740 Ecclesia
1599 714 1679 740 mo-

174 768 334 806 liantur.
392 767 436 806 In
476 766 588 807 Lasci
627 781 787 820 quoque
828 769 1000 807 Ecclesia
1030 770 1179 808 veteris
1215 769 1473 809 Theoeratiae
1513 771 1681 822 vestigia

175 836 315 875 ubiubi
345 837 716 889 deprehenduntur.
761 837 901 877 Melius
926 846 1076 882 tamen,
1107 852 1225 891 quam
1251 839 1456 884 Calvinus,
1486 841 1682 879 Ecclesiae

176 906 355 945 libertati
391 908 593 946 consuluit
632 914 672 945 et
711 908 870 946 nonnisi
902 907 1005 946 circa
1035 919 1147 946 sacra
1176 909 1236 946 ius
1266 909 1372 947 civili
1402 909 1564 960 politiae
1594 922 1684 948 con-

177 975 306 1013 cessit.
378 974 494 1014 Iubet
547 977 825 1028 magistratum
876 976 1076 1015 Ecclesiae
1121 977 1427 1016 necessitatibus
1471 978 1685 1017 subvenire

177 1051 298 1095 atquc
337 1046 585 1097 prospicere,
624 1047 729 1084 tueri
770 1045 986 1084 Ecclesiam
1027 1059 1070 1084 ac
1111 1059 1346 1098 promovere
1382 1047 1468 1086 eius
1497 1048 1686 1100 gloriam,

178 1113 377 1165 publicam
407 1115 582 1166 denique
612 1115 864 1154 honestatem
896 1106 1082 1167 religiose
1113 1113 1334 1161 custodire,
1371 1117 1502 1155 omnia
1534 1123 1687 1161 autem,

180 1196 280 1234 quae
325 1184 448 1235 ipsam
492 1185 728 1237 religionem
773 1191 973 1236 spectant,
1018 1184 1217 1224 Ecclesiae
1257 1186 1405 1225 iudicio
1444 1186 1688 1238 permitteqe.

180 1251 263 1291 Hoc
303 1265 460 1304 quoque
500 1255 661 1293 nomine
693 1267 714 1292 a
745 1248 906 1293 Calvino
937 1254 1080 1298 distat,
1112 1256 1219 1306 quod
1248 1257 1500 1308 magistratui
1531 1257 1689 1296 nonnisi

182 1321 293 1360 verbi
322 1322 526 1361 ministros
555 1323 832 1375 approbandos
863 1335 948 1362 esse
979 1332 1152 1369 censeat.

282 1460 309 1515 §
338 1463 373 1500 6.
435 1463 539 1510 Quae
567 1462 667 1501 inter
697 1475 735 1501 se
763 1462 913 1501 diversa
938 1461 1171 1513 praecedens
1200 1462 1324 1501 docuit
1353 1462 1586 1514 compositio,

710 1531 869 1570 breviter
898 1535 1150 1570 resufmzmtmz

233 1670 384 1709 Clamat
423 1682 487 1709 res
529 1671 634 1722 ipsa,
673 1671 768 1709 satis
807 1683 977 1722 magnae
1017 1670 1263 1710 diversitatis
1302 1671 1470 1716 indicia,
1501 1672 1645 1723 quibus
1676 1686 1696 1711 a

180 1753 219 1779 se
251 1740 422 1778 invicem
453 1740 724 1791 seiunguntur
755 1739 907 1779 Calvini
939 1738 1133 1791 Lascique
1164 1741 1213 1779 de
1244 1739 1419 1779 Ecclesia
1450 1742 1696 1785 sententiae,

180 1822 361 1861 quaeque
403 1823 474 1862 per
514 1822 672 1848 omnem
714 1822 853 1848 eorum
894 1810 1216 1863 Ecclesiologiam
1256 1811 1361 1849 clare
1392 1811 1543 1862 ubique
1574 1811 1697 1862 pellu-

180 1886 293 1923 cent,
338 1893 359 1918 e
397 1880 598 1918 communi
642 1879 754 1917 sonte
795 1879 1014 1918 derivanda
1053 1892 1157 1925 esse,
1202 1887 1243 1918 et
1284 1865 1379 1918 tune
1419 1881 1580 1919 demum
1620 1880 1697 1918 rite

181 1949 381 1987 aestimari
427 1961 560 2000 posse,
606 1949 637 1986 si
681 1948 789 1986 unde
837 1949 1062 1987 necessarie
1113 1948 1379 2000 profluxerint
1428 1950 1696 2000 duxerintque

181 2018 442 2070 principium,
481 2017 730 2069 paucissimis
767 2017 808 2055 in
849 2016 928 2056 fine
960 2017 1252 2068 disquisitionis
1283 2026 1441 2057 nostrae
1473 2019 1698 2070 expositum

182 2087 269 2125 erit.
316 2085 465 2131 Quodsi
506 2087 613 2125 inter
645 2099 782 2125 omnes
811 2093 985 2131 constat,
1017 2087 1207 2139 quicquid
1239 2089 1468 2140 peregerint
1497 2088 1698 2127 Reforma-

183 2164 312 2201 tores‚
338 2157 531 2208 imprimis
557 2168 603 2195 ex
631 2169 769 2195 eorum
797 2156 987 2195 adversus
1013 2157 1244 2201 Ecclesiam,
1275 2171 1392 2208 quam
1419 2158 1699 2201 deseruerant,

184 2225 375 2264 antithesi
417 2226 676 2277 spectandum
714 2238 821 2269 esse,
861 2225 900 2263 id
942 2226 1102 2277 utrique
1143 2234 1280 2265 nostro
1319 2240 1527 2266 commune
1559 2240 1698 2279 propo-

184 2296 304 2334 situm
333 2295 454 2333 fuisse
484 2295 646 2334 videtur
675 2295 909 2338 consilium,
939 2302 983 2333 ut
1014 2296 1231 2347 simplicem
1261 2297 1389 2341 illam,
1419 2297 1590 2335 necdum
1622 2297 1698 2335 An-

185 2363 359 2402 tichristi
399 2363 726 2401 innovationibus
762 2363 1019 2414 depravatam
1051 2365 1246 2403 Ecclesiae
1278 2366 1470 2417 speciem,
1501 2366 1628 2417 qualis
1658 2367 1698 2404 in

187 2432 424 2484 Apostolicis
455 2433 612 2484 seriptis
643 2433 844 2471 delineata
875 2433 1214 2486 deprehenditur,
1244 2448 1378 2487 presse
1409 2436 1448 2474 in
1476 2449 1544 2474 sua
1572 2436 1699 2474 Eccle·
1751 2484 1755 2488 ι

187 2503 241 2541 sia
273 2502 481 2541 condenda
513 2502 792 2547 imitarentur,
823 2503 929 2541 unde
960 2511 1101 2555 sponte
1132 2505 1390 2556 intelligitur,
1420 2518 1490 2544 eur
1516 2512 1595 2544 tam
1620 2518 1699 2543 ma-

187 2573 296 2624 ligne
345 2578 514 2623 uterque
565 2572 696 2610 cultus
741 2573 995 2625 splendidum
1036 2581 1221 2613 ornatum
1261 2575 1443 2614 funditus
1482 2575 1700 2618 aboluerit,

188 2642 333 2693 quippe
374 2655 394 2679 a
435 2642 661 2693 primaevae
701 2642 775 2681 sub
815 2642 1015 2694 Apostolis
1054 2643 1252 2682 Ecclesiae
1293 2644 1547 2696 simplicitate
1583 2644 1701 2682 vehe-

188 2717 346 2749 menter
385 2710 698 2762 discrepantem
738 2724 809 2750 cur
849 2719 1026 2752 extrema
1065 2713 1315 2752 hierarchiae
1355 2714 1504 2765 papalis
1534 2713 1700 2764 vestigia

190 2787 270 2819 tam
310 2780 464 2819 infense
505 2782 704 2832 prosecuti
735 2782 835 2826 sint,
866 2795 996 2834 neque
1027 2783 1265 2834 grandisona
1298 2784 1578 2835 Episcoporum
1609 2783 1700 2820 alio-

191 2862 362 2901 rumque
401 2850 636 2902 pontificum
676 2852 836 2890 nomina
868 2852 950 2890 ullo
979 2853 1098 2909 modo
1128 2840 1233 2892 serre
1264 2854 1304 2891 in
1335 2865 1404 2891 sua
1434 2853 1605 2891 Ecclesia
1635 2864 1702 2902 po·

193 2920 367 2965 tuerint;
398 2933 468 2959 cur
493 2921 668 2973 denique
688 2921 735 2962 rin
760 2921 950 2963 universo
966 2922 1158 2962 radicitus
1174 2923 1395 2978 exstirpare
1412 2922 1566 2963 soleant
1582 2928 1700 2974 atque
