1879 3239
882 98 905 137 3

146 232 332 271 dicamus.
390 229 519 275 Quum
550 230 722 282 denique
750 231 789 270 in
820 231 954 270 verbis
984 231 1134 271 Calvini
1166 229 1381 269 afferendis
1407 228 1554 280 duplex
1583 237 1649 278 pa·

145 307 249 339 teret
279 300 363 344 via,
394 306 438 337 ut
469 306 537 338 aut
567 312 616 338 sc.
648 300 842 351 ipsissima
873 300 993 340 verba
1023 300 1223 339 nectendo
1253 299 1293 337 in
1324 305 1477 338 textum
1504 296 1651 334 insere-

144 381 300 413 remus,
332 375 399 406 aut
416 374 554 406 contra
580 368 837 406 reiiceremus
866 368 907 406 in
927 369 1170 420 marginem,
1200 367 1331 419 potius
1354 365 1566 405 habuimus
1595 363 1651 415 ip-

146 450 232 477 sum
257 436 462 476 Calvinum
486 437 567 476 suis
592 437 718 476 veluti
745 437 877 476 verbis
903 438 1135 489 loquentem
1161 436 1435 479 introducere,
1460 440 1506 472 ut
1526 431 1653 484 magis

146 507 342 547 obiective
387 506 539 547 Calvini
583 513 837 558 promeretur
880 507 1102 552 sententia,
1146 513 1186 546 et
1230 506 1349 545 simul
1388 504 1509 543 etiam
1548 512 1651 541 com-

146 577 291 629 pendio
321 577 450 616 iretur
478 576 719 616 consultum.

720 874 995 932 SEOTJO
1041 874 1083 930 l.

261 1036 497 1066 EXPONITUR
527 1036 560 1064 J.
593 1034 765 1063 CALVINI
797 1033 852 1062 DE
882 1033 1080 1063 ECCLESIA
1110 1030 1355 1070 SENTENTIA,
1391 1028 1543 1069 QUALIS

539 1109 564 1137 E
596 1108 776 1138 SCRIPTIS
806 1096 940 1137 IPSIUS
972 1105 1272 1137 COGNOSCITUR.

815 1243 988 1250 ——...

240 1343 294 1382 De
322 1343 511 1394 fontibus,
540 1341 640 1380 mide
669 1340 864 1380 Ecclesiae
892 1340 1067 1380 notitiam
1097 1338 1351 1378 hauriendam
1380 1337 1566 1377 statuerit.

207 1484 431 1534 Antequam
467 1481 515 1520 ad
546 1482 670 1533 ipsam
702 1480 1026 1532 Ecclesiologiam
1057 1478 1209 1518 Calvini
1239 1482 1510 1521 transeamus,
1540 1474 1664 1515 verbo

152 1552 367 1592 dicendum
407 1557 467 1589 est
506 1550 555 1588 de
590 1549 789 1594 sontibus,
828 1549 935 1588 unde
976 1562 1093 1588 verae
1123 1547 1322 1586 Ecclesiae
1353 1546 1538 1585 notitiam
1567 1545 1663 1584 hau-

154 1620 333 1659 riendam
371 1632 457 1658 esse
497 1620 704 1663 statuerit,
745 1619 828 1657 sive
864 1619 996 1670 potius
1027 1618 1075 1656 de
1106 1630 1267 1662 norma,
1306 1616 1356 1655 ad
1386 1628 1503 1667 quam
1534 1613 1665 1653 Chris-

155 1691 304 1728 tianam
354 1688 568 1727 Ecclesiam
612 1688 815 1726 censuerit
857 1687 1169 1732 instituendam,
1219 1691 1265 1725 ut
1308 1685 1411 1724 benc
1456 1684 1506 1723 ab
1548 1683 1665 1722 initio

156 1765 331 1802 constet,
361 1770 572 1809 quamnam
613 1758 654 1795 in
684 1770 730 1796 ea
769 1770 811 1796 re
843 1757 1122 1796 auctoritatem
1155 1755 1302 1795 veteris
1332 1753 1523 1793 ecclesiae
1554 1753 1666 1798 usui,

155 1840 366 1879 quamnam
396 1839 529 1865 sacrae
561 1827 802 1877 scripturae,
833 1838 1045 1877 quamnam
1072 1825 1247 1876 denique
1273 1824 1421 1863 rationi
1446 1822 1667 1867 humanae,

154 1897 236 1935 sive
272 1895 545 1948 philosophiae
585 1894 785 1934 tribuerit.
844 1894 972 1934 Aliter
1011 1895 1213 1934 censuisse
1252 1892 1459 1932 Calvinum
1499 1892 1541 1930 in
1581 1891 1668 1930 tali-

154 1965 248 2010 hus,
279 1965 396 2003 aliter
424 1964 573 2015 egisse,
603 1964 749 2002 mirum
778 1976 940 2003 movere
970 1975 1050 2002 non
1081 1969 1224 2015 potest.
1278 1960 1430 2001 Natura
1460 1973 1595 2000 rerum
1626 1960 1668 1999 id

154 2035 255 2079 sert,
284 2040 329 2072 ut
364 2033 592 2085 quicunqne
631 2032 819 2072 inciderit
849 2033 889 2071 in
920 2045 987 2072 eas
1017 2033 1266 2072 saeculorum
1295 2031 1464 2078 ἑποχάς,
1503 2030 1573 2069 ubi
1602 2041 1667 2069 res

155 2104 374 2148 humanae,
413 2103 454 2141 in
489 2102 668 2141 deterius
707 2114 864 2154 semper
902 2114 1003 2154 quae
1043 2101 1196 2154 prolabi
1231 2101 1489 2145 viderentur,
1527 2099 1669 2152 necopi

157 2180 251 2212 nato
282 2173 530 2225 repentinam
561 2172 759 2210 subierint
789 2171 1143 2210 commutationem
1175 2177 1215 2209 et
1255 2170 1391 2208 divino
1420 2169 1547 2209 veluti
1587 2169 1671 2207 ictu

157 2243 198 2281 in
227 2243 434 2287 meliorem
460 2242 564 2280 viam
599 2241 787 2280 inductae
819 2241 920 2286 sint,
956 2240 1208 2280 tenacissime
1243 2239 1512 2278 necessarium
1549 2244 1669 2289 atque

157 2313 223 2352 vix
253 2313 522 2364 interruptum
549 2311 874 2363 praecedentium
907 2311 1158 2349 saeculorum
1189 2322 1348 2348 cursum
1380 2314 1669 2362 prosequatur,

159 2382 253 2421 dum
288 2388 426 2421 contra
465 2393 598 2420 rerum
640 2380 820 2438 ordinem
862 2380 1106 2432 infringere,
1146 2385 1187 2417 et
1217 2379 1370 2423 omnia,
1410 2390 1512 2429 quae
1542 2377 1671 2417 infeli-

159 2452 263 2490 cium
311 2453 469 2491 illorum
509 2459 733 2504 temporum
773 2450 928 2489 fructus
968 2463 1053 2489 esse
1093 2449 1304 2494 videntur,
1354 2460 1501 2500 susque
1541 2447 1672 2499 deque

161 2527 319 2560 vertere
349 2521 423 2561 sibi
454 2521 582 2574 fingit.
641 2520 705 2560 Sic
735 2527 871 2560 noster
901 2533 1059 2573 quoque
1086 2519 1335 2572 Papistarum
1366 2517 1672 2557 innovationum

161 2590 249 2642 plus
279 2603 394 2641 quam
430 2597 636 2641 pertaesus
666 2589 880 2629 Ecclesiam
913 2591 961 2629 ad
1001 2590 1209 2642 pristinam
1241 2589 1459 2641 puritatem
1489 2592 1672 2631 revocat,

162 2660 241 2698 »ad
286 2660 394 2697 illam
431 2658 629 2699 Ecclesiae
669 2660 857 2704 sormam,
906 2672 1023 2710 quam
1064 2658 1232 2710 apostoli
1272 2657 1592 2701 constituerunt,
1630 2657 1672 2695 in

163 2746 178 2763 >³
194 2741 347 2781 qua...
378 2728 538 2767 unicum
573 2728 768 2768 habemus
798 2741 916 2768 verae
957 2727 1156 2767 Ecclesiae
1199 2727 1422 2779 exemplar,
1462 2739 1483 2765 a
1523 2738 1603 2778 quo
1641 2725 1673 2764 si

76 2797 103 2831 st
164 2799 281 2850 »quis
326 2798 388 2837 vel
433 2797 596 2837 mimine
635 2797 836 2842 deflectit,
883 2797 1043 2836 aberrat
1061 2796 1125 2849 ¹).''
1190 2795 1407 2835 Ecclesiam
1446 2793 1517 2834 Dei
1556 2794 1674 2834 unice

203 2942 228 2983 ¹)
253 2942 424 2985 Responsio
446 2942 492 2974 ad
512 2950 630 2975 SADOL.
653 2942 741 2976 Tom.
766 2941 858 2975 VIII.
882 2953 912 2984 p.
936 2941 1027 2974 108³.
