1879 3239
72 2454 99 2476 ἡ

923 49 947 91 6

185 187 285 232 sert,
329 191 528 237 quatenus
573 183 696 222 Deum
773 182 842 220 »in
882 181 1055 220 Ecclesia
1102 193 1171 219 sua
1210 178 1377 222 tuenda,
1430 179 1689 225 asservanda,

187 255 439 309 »punienda
480 253 716 292 stabilienda
734 251 796 303 ⁹)'''
836 258 966 290 totum
996 263 1080 289 esse
1111 250 1291 288 videmus
1321 256 1438 299 atque
1470 250 1689 294 assiduum,

188 324 295 377 quod
352 324 482 361 »nolit
521 334 589 360 nos
628 321 854 359 adolescere
881 321 921 358 in
948 320 1101 358 virilem
1128 325 1318 360 aetatem,
1353 317 1427 355 nisi
1454 318 1690 357 educatione

189 410 206 428 »
219 392 420 432 Ecclesiae
438 390 519 443 ¹⁰).”

189 461 316 505 Deus,
346 460 453 511 quod
483 459 532 497 ab
562 457 657 496 Eius
686 464 786 495 nutu
813 464 933 508 atque
959 458 1197 496 auctoritate
1225 468 1340 495 omne
1364 455 1537 506 pendeat
1562 454 1692 493 Eccle-

189 529 393 573 siasticum
423 527 624 578 regimen,
655 525 782 568 omnis
813 524 1015 576 quaelibet
1045 537 1129 563 sine
1160 524 1238 563 ulla
1267 523 1440 561 cuiusvis
1461 516 1705 573 exceptione*

188 598 230 638 in
270 596 444 643 Ecclesia
479 600 665 646 potestas.
723 592 871 632 Statuit
902 593 1008 632 enim
1066 605 1211 631 »omne
1242 593 1421 644 regimen
1451 590 1695 630 Ecclesiasti-

192 667 278 706 »sic
317 665 493 718 pendere
534 663 583 701 ab
613 661 708 700 Eius
739 661 922 706 decreto,
962 669 1006 700 ut
1036 662 1138 700 nihil
1168 663 1330 702 omnino
1360 661 1590 700 hominibus
1620 667 1695 699 sta·

191 742 307 775 tuere
342 731 569 785 liceat11).’'
627 730 834 782 Quotquot
874 731 999 782 igitur
1038 730 1077 768 in
1112 730 1286 770 Ecclesia
1325 743 1490 769 munere
1527 730 1696 782 fungan-

190 811 275 850 tur,
314 802 470 841 »Deum
500 799 650 839 habent
687 798 865 837 muneris
904 798 1204 851 auctorem¹²).”
1262 799 1366 838 Deus
1404 800 1576 851 denique
1616 805 1696 838 est.

193 874 262 927 qui
319 884 420 910 »nos
450 869 525 909 sibi
556 869 718 920 adoptat
749 874 789 906 et
820 868 860 906 in
891 866 1107 905 Ecclesiam
1139 867 1290 918 colligit
1308 868 1352 920 1³)
1365 868 1396 911 ,’'
1427 875 1546 919 atque
1591 885 1606 902 n
1620 869 1697 906 sin·

194 943 337 995 »gulas
396 939 471 978 sibi
524 937 719 976 Ecclesias
768 949 814 975 ex
871 936 1055 974 omnibus
1098 936 1238 974 mundi
1282 937 1407 988 plagis
1451 937 1602 987 colligit
1619 937 1699 989 ¹¹¹).''

195 1010 346 1057 Quodsi
371 1022 393 1048 e
418 1007 552 1048 verbis
577 1007 706 1045 allatis
733 1006 829 1044 satis
855 1012 941 1043 tutc
967 1003 1113 1043 efficias
1134 1004 1348 1043 Ecclesiam
1366 1018 1385 1044 a
1403 1005 1564 1044 Calvino
1585 1006 1700 1044 unice

196 1081 245 1120 ad
282 1079 407 1118 Deum
444 1084 648 1116 auctorem
685 1075 848 1119 referri,
894 1074 1108 1113 observatu
1147 1081 1280 1112 tamen
1319 1074 1484 1126 dignum
1519 1074 1702 1118 videtur,

197 1149 416 1189 Ecclesiam
446 1146 602 1198 saepius
633 1156 792 1196 quoque
843 1142 1018 1182 »Christi
1043 1134 1259 1181 Ecclesiam
1278 1142 1351 1195 1⁵)'’
1381 1143 1485 1194 apud
1516 1156 1605 1181 eum
1637 1156 1702 1181 au-

198 1219 306 1262 dire,
342 1218 383 1256 et
423 1216 518 1254 alias
557 1214 606 1253 ob
642 1226 800 1258 causas,
839 1213 879 1252 et
909 1219 1118 1265 propterea
1149 1225 1327 1264 quoque,
1364 1213 1470 1264 quod
1505 1226 1526 1251 a
1556 1212 1702 1255 Christi

199 1288 293 1328 inde
325 1286 501 1326 adventu
531 1289 722 1324 renovata
752 1277 1046 1335 quodammodo
1076 1281 1250 1321 Ecclesia
1281 1282 1356 1320 suit
1375 1282 1431 1333 ¹⁶).

438 1422 464 1476 §
493 1422 530 1461 2.
589 1422 620 1460 A
648 1433 718 1473 quo
747 1420 835 1459 inde
865 1425 1026 1472 tempore
1054 1419 1229 1458 Ecclesia
1258 1419 1473 1458 exstiterit?

257 1561 340 1600 Hoc
365 1573 524 1613 quoque
550 1559 714 1601 Calvino
740 1571 829 1597 cum
855 1558 1039 1597 omnibus
1060 1559 1143 1597 sere
1167 1565 1262 1597 tunc
1283 1559 1473 1610 temporis
1496 1557 1709 1609 Theologis

202 1644 412 1673 commune
452 1636 559 1674 erat,
599 1629 706 1681 quod
743 1627 792 1667 ad
831 1628 970 1666 mundi
1010 1624 1206 1679 originem
1246 1626 1444 1666 Ecclesiae
1474 1625 1709 1664 incunabala

204 1700 359 1740 solebat
388 1711 588 1739 revocare.
647 1696 912 1740 »Fatemur,''
952 1696 1101 1748 inquit,
1159 1708 1326 1735 »omnes
1365 1696 1420 1734 sic
1454 1701 1710 1747 propagatam

205 1786 222 1803 »
234 1770 355 1814 fuisse
392 1768 441 1808 ab
480 1768 596 1807 initio
625 1766 765 1806 mundi
795 1764 1034 1807 Ecclesiam.
1072 1773 1118 1804 ut
1148 1766 1340 1804 continuo
1371 1765 1620 1803 saeculorum
1651 1776 1710 1802 or-

205 1855 222 1872 n
235 1838 328 1877 dine
359 1837 408 1876 ad
438 1849 511 1876 nos
540 1849 668 1888 usque
698 1836 906 1874 duraverit
935 1835 962 1888 ¹)
974 1833 1007 1878 ,''
1037 1842 1281 1887 quapropter
1337 1834 1625 1892 »statuendum
1650 1840 1711 1872 est

207 1907 391 1945 »nullum
430 1906 552 1945 fuisse
593 1905 643 1944 ab
683 1904 779 1943 orbe
820 1904 981 1943 condito
1021 1910 1200 1956 tempus,
1239 1916 1318 1956 quo
1353 1903 1571 1942 Ecclesiam
1601 1915 1712 1940 suam

206 1975 341 2015 »Deus
379 1987 460 2015 non
498 1974 686 2014 habuerit
712 1973 786 2027 2),”
815 1986 907 2012 nam
937 1974 1076 2025 procul
1105 1974 1228 2013 dubio
1286 1974 1522 2025 »religionis
1553 1979 1712 2011 nostrae

209 2046 448 2085 »exordium
478 2058 500 2085 e
529 2044 731 2084 creatione
761 2043 901 2082 mundi
931 2043 1147 2095 petendum
1174 2050 1234 2082 est
1256 2043 1320 2096 ³).'’
1365 2043 1481 2082 Hisce
1507 2049 1713 2082 consenta-

210 2128 330 2155 neum
375 2114 416 2154 in
459 2113 626 2154 historia
670 2111 948 2152 Ecclesiastica
988 2113 1222 2165 exponenda
1262 2113 1393 2152 ubivis
1433 2119 1569 2152 noster
1607 2119 1715 2152 retro

249 2281 274 2322 ⁹)
301 2281 409 2314 Prael.
438 2281 473 2312 in
501 2280 566 2312 Ier.
598 2278 719 2312 XVIII.
750 2279 801 2312 18.
829 2279 865 2311 cf.
899 2279 979 2311 Inst.
1010 2278 1036 2311 I.
1067 2279 1096 2310 6.
1129 2279 1164 2316 13
1195 2279 1302 2310 Prael.
1336 2279 1370 2309 ἐκ
1401 2278 1510 2310 Ierem.
1543 2277 1628 2310 XIV.
1658 2278 1715 2317 14,

210 2335 308 2368 XXV.
333 2336 392 2374 183
416 2335 508 2367 Hom.
535 2334 569 2365 in
597 2334 614 2365 1
643 2333 713 2366 libr.
737 2334 838 2371 Sam,
862 2333 953 2365 Hom.
978 2333 1032 2366 LI.
1057 2333 1145 2365 Tom.
1173 2333 1217 2365 II.
1242 2344 1271 2375 p.
1298 2333 1393 2370 221³,
1424 2333 1514 2365 Hom.
1540 2333 1604 2372 CV,
1629 2333 1716 2366 Tom.

211 2391 256 2422 II.
280 2387 374 2428 47011,
399 2389 490 2421 Hom.
515 2387 664 2420 XLVIII.
690 2387 733 2420 ib.
758 2387 855 2426 209b;
887 2389 995 2420 Prael.
1024 2389 1057 2420 in
1087 2389 1172 2422 Dan.
1199 2388 1272 2419 VII.
1298 2387 1350 2427 27,
1375 2388 1430 2421 IX.
1461 2388 1520 2426 343
1552 2389 1632 2421 Inst.
1661 2389 1716 2423 IV.

213 2447 243 2478 1.
268 2445 304 2483 2;
328 2444 420 2476 Hom.
445 2443 484 2475 de
498 2442 650 2485 ferendis
667 2454 813 2485 persequ.
837 2443 925 2474 Tom.
950 2443 1042 2475 VIII.
1066 2453 1097 2484 p.
1123 2443 1214 2474 469³.

253 2499 292 2540 ¹⁰)
319 2500 398 2531 Inst.
423 2498 479 2529 IV.
505 2499 534 2530 I.
559 2499 590 2529 4.
727 2497 767 2538 11)
795 2499 908 2531 Comm.
931 2498 977 2529 ad
999 2499 1092 2530 Num.
1118 2508 1143 2530 c.
1168 2497 1272 2529 XVII.
1297 2500 1326 2529 4.

253 2555 294 2595 12)
321 2555 431 2586 Comm.
456 2553 501 2584 ad
522 2552 625 2585 Exod.
651 2562 677 2583 c.
702 2552 787 2585 XVI.
814 2554 843 2584 6.
869 2553 906 2584 cf.
930 2554 1012 2585 Inst.
1037 2553 1093 2585 IV.
1119 2554 1148 2584 1.
1174 2553 1203 2585 I.

253 2611 294 2650 13)
322 2610 433 2642 Comm.
458 2607 504 2639 ad
523 2608 618 2640 Deut.
643 2618 669 2639 c.
696 2607 768 2640 VII.
795 2609 825 2642 6.

253 2665 294 2704 ¹4)
319 2664 398 2696 Inst.
423 2663 487 2695 III.
513 2664 563 2695 20.
588 2664 641 2696 43.
667 2663 706 2696 cs.
730 2664 837 2695 Prael.
861 2664 895 2695 in
918 2663 1028 2697 Ezech.
1053 2674 1079 2695 c.
1105 2663 1171 2696 XV.
1196 2664 1225 2695 6.

255 2719 295 2759 15)
322 2720 434 2750 Comm.
459 2717 504 2749 ad
525 2718 642 2750 Mattk.
667 2718 817 2750 XXVIII.
844 2718 900 2756 203
926 2718 1033 2751 Prael.
1058 2719 1092 2750 in
1114 2719 1198 2750 Dan.
1225 2728 1249 2750 c.
1275 2718 1348 2751 VII.
1376 2720 1434 2758 14,
1459 2719 1586 2761 passim.

255 2774 295 2814 ¹6)
325 2773 436 2805 Comm.
460 2772 506 2805 ad
526 2773 643 2806 Matth.
669 2784 693 2807 c.
719 2773 803 2807 XVI.
830 2773 881 2805 18.

271 2828 297 2869 ¹)
328 2828 409 2861 Vera
431 2828 516 2861 Eccl.
540 2829 600 2871 ref.
624 2832 686 2864 rat.
710 2829 798 2861 Tom.
822 2828 913 2860 VIII.
938 2839 967 2870 p.
994 2827 1086 2862 279b.
1111 2827 1148 2860 cf.
1174 2830 1205 2860 ct
1229 2828 1319 2868 279³.

270 2884 297 2925 2)
321 2883 401 2916 Inst.
425 2882 482 2917 IV.
508 2883 537 2916 1.
563 2882 614 2917 17.
749 2883 776 2924 3)
804 2884 915 2917 Comm.
939 2883 972 2916 in
996 2884 1074 2925 Epa.
1099 2881 1143 2915 II.
1169 2882 1221 2916 20.

591 389 692 428 Hinc
741 401 897 439 quoque
943 387 1141 427 Ecclesiae
1182 394 1385 426 auctorem
1430 398 1514 424 sese
1558 387 1692 438 prodit
1762 429 1766 433 ,
