1849 3239
815 66 859 106 71

94 203 151 242 ita
179 207 333 244 tamen,
363 207 408 239 ut
438 213 482 240 ea
513 211 620 252 pars,
650 211 751 250 quae
781 199 901 238 saeris
930 198 1095 238 aedibus
1124 199 1322 241 destinata
1352 208 1432 246 est,
1486 219 1501 235 »
1516 203 1588 241 sal·

95 283 170 311 »va
214 269 453 321 pauperibus
496 275 669 312 maneat,
719 268 750 306 si
800 281 876 318 qua
915 269 1040 307 maior
1079 271 1294 309 necessitas
1331 271 1480 309 incidat
1506 270 1587 322 4⁰)‚”

95 339 176 378 Hac
214 346 346 377 autem
386 340 472 390 lege
513 337 710 376 Ecclesiae
750 338 904 375 aerario
943 337 1226 389 praeficiantur
1266 337 1448 382 Diaconi,
1515 346 1590 377 »ut

95 408 321 447 »Ecclesiae
370 415 410 446 ct
459 406 708 459 magistratui
748 407 945 444 rationem
986 407 1200 458 quotannis
1239 407 1411 446 reddant
1427 407 1509 460 ¹¹¹).”
1538 430 1590 435 —

94 476 213 516 Vides
243 477 395 514 nullum
426 476 466 514 in
497 475 645 514 Calvini
677 473 849 512 Ecclesia
878 475 1099 525 requiritur
1127 475 1361 526 collegium,
1391 474 1455 512 cui
1481 487 1588 514 aera-

94 547 143 586 rii
169 559 284 589 cura,
314 552 472 596 praeter
497 545 837 594 eleemosynarum
864 543 1222 594 dispensationem,
1253 549 1356 582 esset
1381 543 1589 588 mandata;

95 615 271 654 diaconis
305 613 403 652 haec
443 613 570 652 omnia
601 612 793 664 permisit.
851 611 965 656 Quod
996 612 1168 651 decimas
1197 625 1355 664 quoque
1385 612 1491 651 inter
1519 610 1591 650 Ec-

95 684 236 722 clesiae
258 683 412 721 reditus
433 681 724 726 recensuimus,
751 681 799 719 de
826 681 1020 719 industria
1047 680 1122 719 hoc
1148 681 1334 726 fecimus,
1358 681 1467 720 hisce
1485 682 1534 721 ad
1550 682 1592 721 id

95 752 247 791 Calvini
287 752 417 791 verbis
456 751 626 790 inducti:
684 767 699 785 n
714 749 930 801 Equidem,
969 750 1000 788 si
1041 750 1185 801 quibus
1220 751 1317 789 ordo
1347 751 1422 789 iste
1453 763 1591 803 appro-

98 823 266 866 »b.etur,
320 828 364 860 ut
407 820 740 872 quemadmodum
784 819 888 871 apud
931 818 1130 858 Israelitas
1174 820 1338 858 decimis
1381 820 1592 869 alebantur

98 909 113 926 »
127 890 310 935 Levitae,
350 891 405 930 ita
444 891 483 929 in
522 890 666 942 populo
705 889 825 927 etiam
864 887 1089 926 Christiano
1124 888 1300 927 decimae
1331 889 1590 941 colligantur,

98 973 227 1012 »quae
266 961 306 998 in
346 960 531 998 alimenta
570 964 775 1010 pastorum
813 957 1090 1001 conserantur,
1130 956 1231 994 nihil
1266 957 1455 1006 reclamo:
1495 958 1592 1010 quin

99 1030 259 1082 »potius
302 1041 439 1068 eorum
474 1027 694 1067 sententiae
733 1038 866 1064 meum
897 1037 1054 1076 quoque
1084 1025 1278 1064 calculum
1308 1026 1432 1072 addo,
1471 1019 1593 1079 quan·

99 1098 342 1150 »doquidem
372 1097 552 1136 alicunde
581 1102 688 1134 certe
718 1094 893 1138 desumi,
924 1094 1030 1146 quod
1056 1094 1105 1133 ad
1130 1095 1435 1134 sustentandum
1461 1095 1593 1135 Eccle-

99 1169 275 1207 »siarum
299 1166 502 1204 ministros
531 1164 806 1216 impendatur,
845 1175 1007 1201 necesse
1038 1170 1107 1202 est.
1165 1163 1246 1203 Nee
1276 1164 1464 1216 expedire
1492 1165 1593 1205 mihi

98 1237 305 1279 »videtum
341 1233 445 1286 quod
482 1233 716 1284 aequissime
748 1233 1011 1272 constitutum
1041 1233 1183 1278 fuerit,
1220 1235 1305 1273 sine
1336 1247 1452 1274 causa
1482 1235 1594 1274 inno·

97 1305 210 1343 »vari
227 1302 308 1356 42).”
363 1301 431 1341 Est
471 1302 576 1341 enim
634 1315 684 1340 »a
724 1301 892 1341 Domino
933 1302 1181 1347 ordinatum,
1221 1310 1266 1342 ut
1301 1304 1496 1343 ministris
1526 1304 1594 1344 ali-

892 1371 915 1388 77

92 1379 253 1413 »menta
298 1372 553 1425 suppeditent
598 1371 798 1411 Ecclesiae
820 1371 886 1424 ¹¹³),
945 1378 990 1410 ut
1060 1379 1247 1412 »tantum
1291 1373 1339 1412 iis
1382 1380 1594 1425 erogetur,

93 1449 317 1494 »quantum
348 1442 397 1481 ad
431 1441 725 1492 frugalitatem,
765 1440 903 1479 ordine
935 1453 1006 1480 suo
1037 1441 1219 1494 dignam,
1259 1442 1520 1495 sufficit4⁴)‚''
1550 1449 1595 1482 ut

93 1512 313 1551 reddantur
351 1512 398 1550 iis
437 1523 594 1562 quoque
652 1527 667 1543 »
682 1510 903 1562 impensae,
944 1523 1044 1561 quae
1083 1524 1163 1550 non
1198 1512 1342 1564 privati
1372 1512 1595 1565 compendii

95 1599 109 1615 n
124 1582 271 1633 gratia,
300 1580 369 1619 sed
398 1579 439 1618 in
469 1578 666 1630 publicam
696 1577 896 1617 Ecclesiae
927 1580 1208 1619 necessitatem
1238 1579 1341 1618 fiunt
1358 1579 1441 1634 4⁵).”

313 1717 339 1771 §
369 1718 403 1756 8.
461 1716 655 1755 Ecclesiae,
683 1716 879 1767 reqiminis
907 1717 957 1755 acl
987 1716 1199 1756 Ecclesiam
1225 1717 1372 1757 relatio.

149 1855 262 1901 Quod
292 1855 332 1893 in
362 1855 478 1893 initio
507 1854 626 1893 huius
651 1855 790 1906 capitis
816 1855 1076 1895 indicavimus
1107 1856 1260 1907 potius,
1290 1853 1408 1907 qu'am
1433 1856 1594 1896 demon-

94 1925 326 1969 stravimus,
367 1923 565 1962 Ecclesiae
607 1937 656 1962 sc.
696 1923 875 1976 regimen
906 1937 926 1963 e
957 1931 1091 1964 mente
1123 1925 1273 1964 Calvini
1304 1925 1474 1965 ordinem
1503 1939 1595 1965 con·

94 1995 282 2038 stituere,
320 1993 585 2045 locupletibus
621 2006 725 2031 nunc
765 1994 1006 2033 testimoniis
1038 1994 1328 2033 attestabimur.
1377 1994 1454 2033 Res
1488 1995 1596 2036 enim

94 2063 315 2116 gravissimi
345 2063 537 2102 momenti
563 2069 643 2107 cst,
675 2070 714 2101 et
739 2075 896 2102 omnem
921 2064 1207 2115 propemodum
1233 2063 1372 2103 fideles
1396 2063 1596 2105 Ecclesiae

95 2139 135 2172 ct
173 2133 377 2171 ministros
412 2132 518 2171 inter
558 2133 791 2171 relationem
825 2133 1050 2172 luculenter
1079 2133 1194 2172 nobis
1224 2133 1389 2185 detegit.
1447 2132 1504 2172 Ne
1530 2147 1596 2173 au-

96 2209 176 2241 tem
207 2202 247 2240 in
277 2214 374 2240 voce
402 2201 469 2240 illa
498 2201 637 2240 ludere
668 2201 893 2247 videamur,
929 2214 1030 2254 quae
1056 2203 1095 2240 in
1127 2202 1330 2254 polemicis
1360 2203 1597 2245 tractatibus

96 2272 150 2310 ita
191 2282 306 2322 saepe
347 2283 367 2308 a
402 2270 665 2309 circumiectis
704 2270 916 2315 definitur,
947 2277 991 2309 ut
1026 2270 1125 2309 nihil
1157 2271 1320 2310 omnino
1350 2272 1391 2310 in
1421 2272 1596 2324 genuina

98 2339 248 2378 Calvini
279 2339 477 2377 sententia
509 2339 731 2390 indaganda
758 2339 957 2391 proficiat,
988 2347 1110 2379 testes
1136 2341 1252 2379 unice
1276 2353 1332 2382 ex
1363 2340 1479 2380 Inst.
1506 2342 1593 2380 rel.

99 2407 286 2446 Christ.
315 2407 545 2452 citabimus,
574 2408 642 2447 ubi
677 2407 825 2447 thctice
855 2408 979 2460 magis
1008 2408 1223 2449 Ecclesiam
1253 2422 1364 2449 suam
1394 2410 1595 2451 describit.

100 2476 150 2515 Et
189 2483 283 2514 tunc
318 2477 499 2527 quidem,
539 2477 690 2516 nullum
721 2490 814 2516 sane
845 2479 1088 2518 luculentius
1119 2485 1160 2518 et
1189 2479 1441 2531 perspicuum
1470 2481 1597 2534 magis

140 2690 181 2730 ⁴0)
206 2689 284 2721 Inst.
309 2689 364 2722 IV.
389 2691 420 2721 4.
445 2690 474 2724 7.
499 2690 537 2723 ef.
561 2692 652 2734 Resp.
678 2692 724 2724 ad
745 2700 860 2725 SADOL.
884 2692 972 2724 Tom.
996 2692 1088 2725 VIII.
1114 2692 1206 2724 1061».

142 2745 182 2784 4¹)
210 2745 301 2786 Hesp.
327 2745 371 2776 ad
392 2753 508 2778 SADOL.
532 2745 619 2779 Tom.
644 2746 736 2778 VIII.
762 2746 853 2778 1061).

143 2800 183 2839 ⁴⁶2)
207 2800 255 2831 De
277 2810 358 2833 sacr.
375 2812 453 2842 pap.
477 2801 559 2833 adm.
584 2801 646 2842 abj.
666 2802 753 2833 Tom.
771 2801 862 2834 VIII.
887 2813 916 2844 p.
933 2801 1027 2834 431b.
1117 2802 1156 2843 43)
1185 2802 1293 2835 Comm.
1310 2801 1355 2834 ad
1369 2803 1386 2834 I
1408 2803 1457 2835 Co.
1473 2802 1530 2835 IX.
1550 2804 1600 2836 13.

143 2854 184 2893 4¹)
208 2856 263 2896 Ep.
281 2855 326 2886 ad
340 2863 455 2887 SADOL.
469 2855 554 2887 Tom.
568 2855 659 2888 VIII.
677 2855 767 2888 106b.
785 2856 823 2888 ef.
847 2857 921 2888 Ant.
935 2858 968 2889 in
985 2857 1067 2890 decr.
1089 2857 1178 2890 Cone.
1199 2857 1282 2890 Trid.
1299 2857 1385 2890 Tom.
1402 2857 1491 2891 VIII.
1508 2857 1600 2892 223b.

144 2910 182 2950 ¹¹⁵)
207 2911 255 2942 De
274 2921 341 2943 nec.
366 2912 426 2952 ref.
452 2912 533 2945 Eccl.
557 2910 644 2944 Toni.
668 2911 761 2943 VIII.
790 2909 858 2944 58b.
