<?xml version="1.0" encoding="UTF-8"?>
<!DOCTYPE html PUBLIC "-//W3C//DTD XHTML 1.0 Transitional//EN"
    "http://www.w3.org/TR/xhtml1/DTD/xhtml1-transitional.dtd">
<html xmlns="http://www.w3.org/1999/xhtml" xml:lang="en" lang="en">
 <head>
  <title>
</title>
<meta http-equiv="Content-Type" content="text/html;charset=utf-8" />
  <meta name='ocr-system' content='tesseract 3.04.00' />
  <meta name='ocr-capabilities' content='ocr_page ocr_carea ocr_par ocr_line ocrx_word'/>
</head>
<body>
  <div class='ocr_page' id='page_1' title='image "./disquisitiohisto00kuyp_0053.png"; bbox 0 0 1879 3239; ppageno 0'>
   <div class='ocr_carea' id='block_1_1' title="bbox 816 136 866 175">
    <p class='ocr_par' dir='ltr' id='par_1_1' title="bbox 816 136 866 175">
     <span class='ocr_line' id='line_1_1' title="bbox 816 136 866 175; baseline 0 0"><span class='ocrx_word' id='word_1_1' title='bbox 816 136 866 175; x_wconf 88' lang='lat'><em>33</em></span> 
     </span>
    </p>
   </div>
   <div class='ocr_carea' id='block_1_2' title="bbox 98 263 1583 391">
    <p class='ocr_par' dir='ltr' id='par_1_2' title="bbox 98 263 1583 391">
     <span class='ocr_line' id='line_1_2' title="bbox 99 263 1583 326; baseline 0.011 -27"><span class='ocrx_word' id='word_1_2' title='bbox 99 263 230 314; x_wconf 80' lang='lat' dir='ltr'><em>»cipue</em></span> <span class='ocrx_word' id='word_1_3' title='bbox 258 264 532 306; x_wconf 74' lang='lat' dir='ltr'><em>aestimandam</em></span> <span class='ocrx_word' id='word_1_4' title='bbox 560 279 637 306; x_wconf 85' lang='lat' dir='ltr'><em>esse</em></span> <span class='ocrx_word' id='word_1_5' title='bbox 666 267 895 316; x_wconf 79' lang='lat' dir='ltr'><em>Ecclesiam,</em></span> <span class='ocrx_word' id='word_1_6' title='bbox 926 271 959 310; x_wconf 87' lang='lat' dir='ltr'><em>si</em></span> <span class='ocrx_word' id='word_1_7' title='bbox 982 272 1175 312; x_wconf 76' lang='lat' dir='ltr'><em>cloclriuae</em></span> <span class='ocrx_word' id='word_1_8' title='bbox 1196 287 1265 325; x_wconf 80' lang='lat' dir='ltr'><em>per</em></span> <span class='ocrx_word' id='word_1_9' title='bbox 1290 274 1482 326; x_wconf 75' lang='lat' dir='ltr'><em>Apostolos</em></span> <span class='ocrx_word' id='word_1_10' title='bbox 1507 281 1583 316; x_wconf 78' lang='lat' dir='ltr'><em>lra-</em></span> 
     </span>
     <span class='ocr_line' id='line_1_3' title="bbox 98 331 853 391; baseline 0.012 -23"><span class='ocrx_word' id='word_1_11' title='bbox 98 331 224 370; x_wconf 80' lang='lat' dir='ltr'><em>»ditae</em></span> <span class='ocrx_word' id='word_1_12' title='bbox 252 332 475 384; x_wconf 76' lang='lat' dir='ltr'><em>simplicitas</em></span> <span class='ocrx_word' id='word_1_13' title='bbox 503 335 544 375; x_wconf 75' lang='lat' dir='ltr'><em>in</em></span> <span class='ocrx_word' id='word_1_14' title='bbox 573 348 616 375; x_wconf 93' lang='lat' dir='ltr'><em>ea</em></span> <span class='ocrx_word' id='word_1_15' title='bbox 644 336 765 388; x_wconf 59' lang='lat' dir='ltr'><em>vificat</em></span> <span class='ocrx_word' id='word_1_16' title='bbox 789 337 853 391; x_wconf 86' lang='lat'><em>⁷).‘’</em></span> 
     </span>
    </p>
   </div>
   <div class='ocr_carea' id='block_1_3' title="bbox 587 473 1080 531">
    <p class='ocr_par' dir='ltr' id='par_1_3' title="bbox 587 473 1080 531">
     <span class='ocr_line' id='line_1_4' title="bbox 587 473 1080 531; baseline 0.014 -19"><span class='ocrx_word' id='word_1_17' title='bbox 587 473 614 527; x_wconf 60' lang='lat'><em>5</em></span> <span class='ocrx_word' id='word_1_18' title='bbox 644 475 704 513; x_wconf 84' lang='lat'><em>10.</em></span> <span class='ocrx_word' id='word_1_19' title='bbox 762 475 954 516; x_wconf 82' lang='lat' dir='ltr'><em>Ecclesiae</em></span> <span class='ocrx_word' id='word_1_20' title='bbox 982 479 1080 531; x_wconf 72' lang='lat' dir='ltr'><em>finis.</em></span> 
     </span>
    </p>
   </div>
   <div class='ocr_carea' id='block_1_4' title="bbox 68 605 1580 2403">
    <p class='ocr_par' dir='ltr' id='par_1_4' title="bbox 68 605 1580 2403">
     <span class='ocr_line' id='line_1_5' title="bbox 143 605 1579 672; baseline 0.01 -28"><span class='ocrx_word' id='word_1_21' title='bbox 143 605 341 659; x_wconf 84' lang='lat' dir='ltr'><em>Insignem</em></span> <span class='ocrx_word' id='word_1_22' title='bbox 380 608 554 650; x_wconf 82' lang='lat' dir='ltr'><em>Ecclesia</em></span> <span class='ocrx_word' id='word_1_23' title='bbox 592 613 722 652; x_wconf 89' lang='lat' dir='ltr'><em>locum</em></span> <span class='ocrx_word' id='word_1_24' title='bbox 762 623 926 668; x_wconf 86' lang='lat' dir='ltr'><em>occupat</em></span> <span class='ocrx_word' id='word_1_25' title='bbox 955 618 1061 656; x_wconf 84' lang='lat' dir='ltr'><em>inter</em></span> <span class='ocrx_word' id='word_1_26' title='bbox 1095 618 1252 658; x_wconf 85' lang='lat' dir='ltr'><em>»media</em></span> <span class='ocrx_word' id='word_1_27' title='bbox 1282 625 1465 664; x_wconf 79' lang='lat' dir='ltr'><em>externa,</em></span> <span class='ocrx_word' id='word_1_28' title='bbox 1494 621 1579 672; x_wconf 90' lang='lat' dir='ltr'><em>qui-</em></span> 
     </span>
     <span class='ocr_line' id='line_1_6' title="bbox 89 675 1579 740; baseline 0.011 -27"><span class='ocrx_word' id='word_1_29' title='bbox 89 675 162 714; x_wconf 90' lang='lat' dir='ltr'><em>bus</em></span> <span class='ocrx_word' id='word_1_30' title='bbox 192 675 289 716; x_wconf 89' lang='lat' dir='ltr'><em>fides</em></span> <span class='ocrx_word' id='word_1_31' title='bbox 318 678 358 717; x_wconf 91' lang='lat' dir='ltr'><em>in</em></span> <span class='ocrx_word' id='word_1_32' title='bbox 389 679 502 718; x_wconf 91' lang='lat' dir='ltr'><em>nobis</em></span> <span class='ocrx_word' id='word_1_33' title='bbox 532 688 572 719; x_wconf 90' lang='lat' dir='ltr'><em>et</em></span> <span class='ocrx_word' id='word_1_34' title='bbox 603 683 790 734; x_wconf 77' lang='lat' dir='ltr'><em>gignatur</em></span> <span class='ocrx_word' id='word_1_35' title='bbox 819 693 859 724; x_wconf 86' lang='lat' dir='ltr'><em>et</em></span> <span class='ocrx_word' id='word_1_36' title='bbox 889 694 1073 739; x_wconf 79' lang='lat' dir='ltr'><em>augescat</em></span> <span class='ocrx_word' id='word_1_37' title='bbox 1100 687 1167 740; x_wconf 85' lang='lat'>¹);’&#39;</span> <span class='ocrx_word' id='word_1_38' title='bbox 1195 689 1332 727; x_wconf 87' lang='lat' dir='ltr'><em>matris</em></span> <span class='ocrx_word' id='word_1_39' title='bbox 1355 689 1481 727; x_wconf 86' lang='lat' dir='ltr'><em>instar</em></span> <span class='ocrx_word' id='word_1_40' title='bbox 1502 696 1579 735; x_wconf 88' lang='lat' dir='ltr'><em>est,</em></span> 
     </span>
     <span class='ocr_line' id='line_1_7' title="bbox 90 745 1580 804; baseline 0.01 -21"><span class='ocrx_word' id='word_1_41' title='bbox 90 745 157 784; x_wconf 83' lang='lat' dir='ltr'><em>»in</em></span> <span class='ocrx_word' id='word_1_42' title='bbox 197 747 308 786; x_wconf 88' lang='lat' dir='ltr'><em>cuius</em></span> <span class='ocrx_word' id='word_1_43' title='bbox 346 749 475 788; x_wconf 89' lang='lat' dir='ltr'><em>sinum</em></span> <span class='ocrx_word' id='word_1_44' title='bbox 515 754 721 804; x_wconf 83' lang='lat' dir='ltr'><em>aggregari</em></span> <span class='ocrx_word' id='word_1_45' title='bbox 757 755 842 793; x_wconf 87' lang='lat' dir='ltr'><em>vult</em></span> <span class='ocrx_word' id='word_1_46' title='bbox 874 754 976 794; x_wconf 87' lang='lat' dir='ltr'><em>Deus</em></span> <span class='ocrx_word' id='word_1_47' title='bbox 1006 755 1107 795; x_wconf 82' lang='lat' dir='ltr'><em>filios</em></span> <span class='ocrx_word' id='word_1_48' title='bbox 1137 769 1227 796; x_wconf 90' lang='lat' dir='ltr'><em>suos</em></span> <span class='ocrx_word' id='word_1_49' title='bbox 1257 770 1337 796; x_wconf 89' lang='lat' dir='ltr'><em>non</em></span> <span class='ocrx_word' id='word_1_50' title='bbox 1367 759 1504 803; x_wconf 90' lang='lat' dir='ltr'><em>modo,</em></span> <span class='ocrx_word' id='word_1_51' title='bbox 1535 765 1580 798; x_wconf 83' lang='lat' dir='ltr'><em>ut</em></span> 
     </span>
     <span class='ocr_line' id='line_1_8' title="bbox 88 814 1580 879; baseline 0.01 -27"><span class='ocrx_word' id='word_1_52' title='bbox 88 814 202 854; x_wconf 89' lang='lat' dir='ltr'><em>»eius</em></span> <span class='ocrx_word' id='word_1_53' title='bbox 240 817 462 857; x_wconf 88' lang='lat' dir='ltr'><em>ministerio</em></span> <span class='ocrx_word' id='word_1_54' title='bbox 502 820 678 867; x_wconf 77' lang='lat' dir='ltr'><em>alantur,</em></span> <span class='ocrx_word' id='word_1_55' title='bbox 717 824 906 875; x_wconf 77' lang='lat' dir='ltr'><em>quamdiu</em></span> <span class='ocrx_word' id='word_1_56' title='bbox 945 825 1116 864; x_wconf 85' lang='lat' dir='ltr'><em>infantes</em></span> <span class='ocrx_word' id='word_1_57' title='bbox 1152 834 1244 865; x_wconf 87' lang='lat' dir='ltr'><em>sunt</em></span> <span class='ocrx_word' id='word_1_58' title='bbox 1275 840 1318 866; x_wconf 84' lang='lat' dir='ltr'><em>ac</em></span> <span class='ocrx_word' id='word_1_59' title='bbox 1348 829 1481 879; x_wconf 85' lang='lat' dir='ltr'><em>pueri,</em></span> <span class='ocrx_word' id='word_1_60' title='bbox 1511 828 1580 866; x_wconf 88' lang='lat' dir='ltr'><em>sed</em></span> 
     </span>
     <span class='ocr_line' id='line_1_9' title="bbox 87 873 1579 949; baseline 0.009 -27"><span class='ocrx_word' id='word_1_61' title='bbox 87 873 208 923; x_wconf 76' lang='lat' dir='ltr'><em>»cura</em></span> <span class='ocrx_word' id='word_1_62' title='bbox 239 886 359 926; x_wconf 85' lang='lat' dir='ltr'><em>etiam</em></span> <span class='ocrx_word' id='word_1_63' title='bbox 388 895 567 928; x_wconf 84' lang='lat' dir='ltr'><em>materna</em></span> <span class='ocrx_word' id='word_1_64' title='bbox 598 899 805 943; x_wconf 85' lang='lat' dir='ltr'><em>regantur,</em></span> <span class='ocrx_word' id='word_1_65' title='bbox 836 893 960 933; x_wconf 90' lang='lat' dir='ltr'><em>donec</em></span> <span class='ocrx_word' id='word_1_66' title='bbox 991 895 1216 934; x_wconf 81' lang='lat' dir='ltr'><em>adolescant</em></span> <span class='ocrx_word' id='word_1_67' title='bbox 1242 902 1281 934; x_wconf 90' lang='lat' dir='ltr'><em>et</em></span> <span class='ocrx_word' id='word_1_68' title='bbox 1307 897 1468 935; x_wconf 87' lang='lat' dir='ltr'><em>tandem</em></span> <span class='ocrx_word' id='word_1_69' title='bbox 1493 910 1579 949; x_wconf 87' lang='lat' dir='ltr'><em>per-</em></span> 
     </span>
     <span class='ocr_line' id='line_1_10' title="bbox 87 955 1576 1014; baseline 0.009 -22"><span class='ocrx_word' id='word_1_70' title='bbox 87 955 277 994; x_wconf 77' lang='lat' dir='ltr'><em>»veniant</em></span> <span class='ocrx_word' id='word_1_71' title='bbox 317 957 365 995; x_wconf 85' lang='lat' dir='ltr'><em>ad</em></span> <span class='ocrx_word' id='word_1_72' title='bbox 398 965 544 997; x_wconf 85' lang='lat' dir='ltr'><em>metam</em></span> <span class='ocrx_word' id='word_1_73' title='bbox 571 959 638 1011; x_wconf 77' lang='grc'><em>2).”</em></span> <span class='ocrx_word' id='word_1_74' title='bbox 694 960 811 1000; x_wconf 86' lang='lat' dir='ltr'><em>Fides</em></span> <span class='ocrx_word' id='word_1_75' title='bbox 841 969 972 1001; x_wconf 89' lang='lat' dir='ltr'><em>autem</em></span> <span class='ocrx_word' id='word_1_76' title='bbox 1004 977 1124 1014; x_wconf 88' lang='lat' dir='ltr'><em>quum</em></span> <span class='ocrx_word' id='word_1_77' title='bbox 1155 972 1262 1003; x_wconf 89' lang='lat' dir='ltr'><em>certa</em></span> <span class='ocrx_word' id='word_1_78' title='bbox 1292 966 1342 1004; x_wconf 88' lang='lat' dir='ltr'><em>sit</em></span> <span class='ocrx_word' id='word_1_79' title='bbox 1373 967 1576 1006; x_wconf 86' lang='lat' dir='ltr'><em>doctrinae</em></span> 
     </span>
     <span class='ocr_line' id='line_1_11' title="bbox 85 1023 1577 1081; baseline 0.01 -21"><span class='ocrx_word' id='word_1_80' title='bbox 85 1023 404 1075; x_wconf 77' lang='lat' dir='ltr'><em>comprehensio,</em></span> <span class='ocrx_word' id='word_1_81' title='bbox 433 1050 485 1056; x_wconf 89' lang='lat'><em>——</em></span> <span class='ocrx_word' id='word_1_82' title='bbox 514 1029 669 1080; x_wconf 78' lang='lat' dir='ltr'><em>proprie</em></span> <span class='ocrx_word' id='word_1_83' title='bbox 713 1030 837 1081; x_wconf 89' lang='lat' dir='ltr'><em>igitur</em></span> <span class='ocrx_word' id='word_1_84' title='bbox 894 1033 1087 1071; x_wconf 82' lang='lat' dir='ltr'><em>»ecclesia</em></span> <span class='ocrx_word' id='word_1_85' title='bbox 1128 1034 1176 1072; x_wconf 92' lang='lat' dir='ltr'><em>ad</em></span> <span class='ocrx_word' id='word_1_86' title='bbox 1215 1034 1334 1073; x_wconf 87' lang='lat' dir='ltr'><em>huius</em></span> <span class='ocrx_word' id='word_1_87' title='bbox 1373 1036 1577 1075; x_wconf 83' lang='lat' dir='ltr'><em>doctrinae</em></span> 
     </span>
     <span class='ocr_line' id='line_1_12' title="bbox 86 1095 1578 1157; baseline 0.01 -27"><span class='ocrx_word' id='word_1_88' title='bbox 86 1095 454 1134; x_wconf 85' lang='lat' dir='ltr'><em>»conservationem</em></span> <span class='ocrx_word' id='word_1_89' title='bbox 495 1098 676 1136; x_wconf 86' lang='lat' dir='ltr'><em>instituta</em></span> <span class='ocrx_word' id='word_1_90' title='bbox 706 1106 766 1137; x_wconf 85' lang='lat' dir='ltr'><em>est</em></span> <span class='ocrx_word' id='word_1_91' title='bbox 793 1099 857 1152; x_wconf 74' lang='grc'><em>3).”</em></span> <span class='ocrx_word' id='word_1_92' title='bbox 913 1118 928 1135; x_wconf 65' lang='grc' dir='ltr'><strong>υ</strong></span> <span class='ocrx_word' id='word_1_93' title='bbox 944 1101 1057 1146; x_wconf 83' lang='lat' dir='ltr'><em>Quod</em></span> <span class='ocrx_word' id='word_1_94' title='bbox 1088 1103 1187 1142; x_wconf 88' lang='lat' dir='ltr'><em>adeo</em></span> <span class='ocrx_word' id='word_1_95' title='bbox 1217 1117 1297 1143; x_wconf 90' lang='lat' dir='ltr'><em>non</em></span> <span class='ocrx_word' id='word_1_96' title='bbox 1328 1106 1578 1157; x_wconf 78' lang='lat' dir='ltr'><em>extinguitur</em></span> 
     </span>
     <span class='ocr_line' id='line_1_13' title="bbox 86 1161 1577 1224; baseline 0.011 -26"><span class='ocrx_word' id='word_1_97' title='bbox 86 1161 154 1198; x_wconf 79' lang='lat' dir='ltr'><em>»in</em></span> <span class='ocrx_word' id='word_1_98' title='bbox 192 1163 340 1201; x_wconf 88' lang='lat' dir='ltr'><em>mundo</em></span> <span class='ocrx_word' id='word_1_99' title='bbox 379 1165 544 1210; x_wconf 87' lang='lat' dir='ltr'><em>veritas,</em></span> <span class='ocrx_word' id='word_1_100' title='bbox 574 1167 643 1205; x_wconf 90' lang='lat' dir='ltr'><em>sed</em></span> <span class='ocrx_word' id='word_1_101' title='bbox 673 1168 778 1206; x_wconf 84' lang='lat' dir='ltr'><em>salva</em></span> <span class='ocrx_word' id='word_1_102' title='bbox 808 1177 978 1219; x_wconf 88' lang='lat' dir='ltr'><em>perstat,</em></span> <span class='ocrx_word' id='word_1_103' title='bbox 1009 1172 1048 1210; x_wconf 93' lang='lat' dir='ltr'><em>id</em></span> <span class='ocrx_word' id='word_1_104' title='bbox 1079 1171 1141 1217; x_wconf 87' lang='lat' dir='ltr'><em>fit,</em></span> <span class='ocrx_word' id='word_1_105' title='bbox 1172 1174 1277 1224; x_wconf 88' lang='lat' dir='ltr'><em>quod</em></span> <span class='ocrx_word' id='word_1_106' title='bbox 1307 1174 1426 1213; x_wconf 84' lang='lat' dir='ltr'><em>fidam</em></span> <span class='ocrx_word' id='word_1_107' title='bbox 1455 1174 1577 1214; x_wconf 85' lang='lat' dir='ltr'><em>habet</em></span> 
     </span>
     <span class='ocr_line' id='line_1_14' title="bbox 84 1230 1577 1298; baseline 0.013 -33"><span class='ocrx_word' id='word_1_108' title='bbox 84 1230 317 1273; x_wconf 78' lang='lat' dir='ltr'><em>»custodem</em></span> <span class='ocrx_word' id='word_1_109' title='bbox 355 1231 591 1279; x_wconf 76' lang='lat' dir='ltr'><em>Ecclesiam,</em></span> <span class='ocrx_word' id='word_1_110' title='bbox 630 1237 743 1275; x_wconf 90' lang='lat' dir='ltr'><em>cuius</em></span> <span class='ocrx_word' id='word_1_111' title='bbox 774 1250 909 1290; x_wconf 86' lang='lat' dir='ltr'><em>opera,</em></span> <span class='ocrx_word' id='word_1_112' title='bbox 939 1247 980 1278; x_wconf 89' lang='lat' dir='ltr'><em>et</em></span> <span class='ocrx_word' id='word_1_113' title='bbox 1009 1242 1230 1281; x_wconf 84' lang='lat' dir='ltr'><em>ministerio</em></span> <span class='ocrx_word' id='word_1_114' title='bbox 1260 1245 1483 1283; x_wconf 85' lang='lat' dir='ltr'><em>sustinetur</em></span> <span class='ocrx_word' id='word_1_115' title='bbox 1508 1244 1577 1298; x_wconf 67' lang='grc'><em>4);”</em></span> 
     </span>
     <span class='ocr_line' id='line_1_15' title="bbox 80 1292 1576 1365; baseline 0.013 -31"><span class='ocrx_word' id='word_1_116' title='bbox 80 1302 120 1335; x_wconf 88' lang='lat' dir='ltr'><em>et</em></span> <span class='ocrx_word' id='word_1_117' title='bbox 160 1292 301 1346; x_wconf 82' lang='lat' dir='ltr'><em>»cuius</em></span> <span class='ocrx_word' id='word_1_118' title='bbox 338 1302 561 1341; x_wconf 86' lang='lat' dir='ltr'><em>ministerio</em></span> <span class='ocrx_word' id='word_1_119' title='bbox 590 1305 716 1344; x_wconf 87' lang='lat' dir='ltr'><em>voluit</em></span> <span class='ocrx_word' id='word_1_120' title='bbox 747 1306 850 1346; x_wconf 87' lang='lat' dir='ltr'><em>Deus</em></span> <span class='ocrx_word' id='word_1_121' title='bbox 880 1321 920 1347; x_wconf 92' lang='lat' dir='ltr'><em>se</em></span> <span class='ocrx_word' id='word_1_122' title='bbox 952 1311 1163 1350; x_wconf 86' lang='lat' dir='ltr'><em>ostendere</em></span> <span class='ocrx_word' id='word_1_123' title='bbox 1194 1312 1309 1351; x_wconf 86' lang='lat' dir='ltr'><em>nobis</em></span> <span class='ocrx_word' id='word_1_124' title='bbox 1339 1320 1492 1365; x_wconf 84' lang='lat' dir='ltr'><em>patrem</em></span> <span class='ocrx_word' id='word_1_125' title='bbox 1522 1314 1576 1353; x_wconf 86' lang='lat' dir='ltr'><em>sa-</em></span> 
     </span>
     <span class='ocr_line' id='line_1_16' title="bbox 81 1366 1576 1434; baseline 0.013 -32"><span class='ocrx_word' id='word_1_126' title='bbox 81 1366 257 1411; x_wconf 73' lang='lat' dir='ltr'><em>»milias,</em></span> <span class='ocrx_word' id='word_1_127' title='bbox 296 1367 390 1407; x_wconf 91' lang='lat' dir='ltr'><em>dum</em></span> <span class='ocrx_word' id='word_1_128' title='bbox 430 1382 501 1409; x_wconf 92' lang='lat' dir='ltr'><em>nos</em></span> <span class='ocrx_word' id='word_1_129' title='bbox 540 1373 812 1424; x_wconf 84' lang='lat' dir='ltr'><em>spiritualibus</em></span> <span class='ocrx_word' id='word_1_130' title='bbox 843 1377 1041 1417; x_wconf 83' lang='lat' dir='ltr'><em>alimentis</em></span> <span class='ocrx_word' id='word_1_131' title='bbox 1071 1381 1216 1431; x_wconf 86' lang='lat' dir='ltr'><em>pascit,</em></span> <span class='ocrx_word' id='word_1_132' title='bbox 1246 1389 1285 1420; x_wconf 89' lang='lat' dir='ltr'><em>et</em></span> <span class='ocrx_word' id='word_1_133' title='bbox 1316 1395 1576 1434; x_wconf 87' lang='lat' dir='ltr'><em>quaecunque</em></span> 
     </span>
     <span class='ocr_line' id='line_1_17' title="bbox 79 1434 1576 1503; baseline 0.012 -32"><span class='ocrx_word' id='word_1_134' title='bbox 79 1434 156 1473; x_wconf 86' lang='lat' dir='ltr'><em>»ad</em></span> <span class='ocrx_word' id='word_1_135' title='bbox 192 1436 359 1476; x_wconf 86' lang='lat' dir='ltr'><em>salutem</em></span> <span class='ocrx_word' id='word_1_136' title='bbox 399 1447 574 1480; x_wconf 89' lang='lat' dir='ltr'><em>nostram</em></span> <span class='ocrx_word' id='word_1_137' title='bbox 607 1443 757 1483; x_wconf 83' lang='lat' dir='ltr'><em>faciunt</em></span> <span class='ocrx_word' id='word_1_138' title='bbox 789 1454 973 1497; x_wconf 86' lang='lat' dir='ltr'><em>procurat</em></span> <span class='ocrx_word' id='word_1_139' title='bbox 1000 1448 1074 1501; x_wconf 79' lang='lat'>⁵&gt;;’&#39;</span> <span class='ocrx_word' id='word_1_140' title='bbox 1104 1450 1289 1501; x_wconf 89' lang='lat' dir='ltr'><em>quoniam</em></span> <span class='ocrx_word' id='word_1_141' title='bbox 1321 1458 1433 1503; x_wconf 85' lang='lat' dir='ltr'><em>parat</em></span> <span class='ocrx_word' id='word_1_142' title='bbox 1462 1451 1576 1490; x_wconf 90' lang='lat' dir='ltr'><em>nobis</em></span> 
     </span>
     <span class='ocr_line' id='line_1_18' title="bbox 78 1505 1575 1571; baseline 0.014 -31"><span class='ocrx_word' id='word_1_143' title='bbox 78 1505 376 1545; x_wconf 86' lang='lat' dir='ltr'><em>»remissionem</em></span> <span class='ocrx_word' id='word_1_144' title='bbox 407 1517 658 1560; x_wconf 85' lang='lat' dir='ltr'><em>peecatorum</em></span> <span class='ocrx_word' id='word_1_145' title='bbox 684 1514 757 1566; x_wconf 77' lang='lat'><em>⁶),&#39;⁷</em></span> <span class='ocrx_word' id='word_1_146' title='bbox 798 1522 837 1554; x_wconf 89' lang='lat' dir='ltr'><em>et</em></span> <span class='ocrx_word' id='word_1_147' title='bbox 873 1524 1059 1557; x_wconf 86' lang='lat' dir='ltr'><em>»tantum</em></span> <span class='ocrx_word' id='word_1_148' title='bbox 1090 1527 1240 1571; x_wconf 87' lang='lat' dir='ltr'><em>potest,</em></span> <span class='ocrx_word' id='word_1_149' title='bbox 1270 1527 1315 1559; x_wconf 89' lang='lat' dir='ltr'><em>ut</em></span> <span class='ocrx_word' id='word_1_150' title='bbox 1344 1533 1416 1560; x_wconf 86' lang='lat' dir='ltr'><em>nos</em></span> <span class='ocrx_word' id='word_1_151' title='bbox 1446 1521 1486 1560; x_wconf 91' lang='lat' dir='ltr'><em>in</em></span> <span class='ocrx_word' id='word_1_152' title='bbox 1516 1532 1575 1560; x_wconf 83' lang='lat' dir='ltr'><em>so-</em></span> 
     </span>
     <span class='ocr_line' id='line_1_19' title="bbox 76 1572 1573 1642; baseline 0.015 -33"><span class='ocrx_word' id='word_1_153' title='bbox 76 1572 247 1612; x_wconf 85' lang='lat' dir='ltr'><em>»cietate</em></span> <span class='ocrx_word' id='word_1_154' title='bbox 294 1574 363 1614; x_wconf 81' lang='lat' dir='ltr'><em>Dei</em></span> <span class='ocrx_word' id='word_1_155' title='bbox 411 1579 612 1618; x_wconf 87' lang='lat' dir='ltr'><em>contineat</em></span> <span class='ocrx_word' id='word_1_156' title='bbox 641 1581 708 1634; x_wconf 87' lang='lat'><em>⁷).&#39;&#39;</em></span> <span class='ocrx_word' id='word_1_157' title='bbox 767 1582 1049 1626; x_wconf 87' lang='lat' dir='ltr'><em>Verumtamen</em></span> <span class='ocrx_word' id='word_1_158' title='bbox 1102 1588 1265 1628; x_wconf 86' lang='lat' dir='ltr'><em>humani</em></span> <span class='ocrx_word' id='word_1_159' title='bbox 1320 1591 1479 1642; x_wconf 88' lang='lat' dir='ltr'><em>generis</em></span> <span class='ocrx_word' id='word_1_160' title='bbox 1532 1591 1573 1629; x_wconf 88' lang='lat' dir='ltr'><em>in</em></span> 
     </span>
     <span class='ocr_line' id='line_1_20' title="bbox 76 1643 1571 1708; baseline 0.015 -30"><span class='ocrx_word' id='word_1_161' title='bbox 76 1645 275 1691; x_wconf 79' lang='lat' dir='ltr'><em>posterum</em></span> <span class='ocrx_word' id='word_1_162' title='bbox 315 1643 521 1685; x_wconf 85' lang='lat' dir='ltr'><em>beatitudo</em></span> <span class='ocrx_word' id='word_1_163' title='bbox 560 1650 770 1700; x_wconf 86' lang='lat' dir='ltr'><em>primarius</em></span> <span class='ocrx_word' id='word_1_164' title='bbox 809 1651 1028 1700; x_wconf 86' lang='lat' dir='ltr'><em>Ecclesiae,</em></span> <span class='ocrx_word' id='word_1_165' title='bbox 1067 1670 1145 1708; x_wconf 91' lang='lat' dir='ltr'><em>quo</em></span> <span class='ocrx_word' id='word_1_166' title='bbox 1184 1659 1344 1703; x_wconf 83' lang='lat' dir='ltr'><em>tendat,</em></span> <span class='ocrx_word' id='word_1_167' title='bbox 1384 1659 1474 1698; x_wconf 88' lang='lat' dir='ltr'><em>finis</em></span> <span class='ocrx_word' id='word_1_168' title='bbox 1504 1659 1571 1698; x_wconf 85' lang='lat' dir='ltr'><em>ha-</em></span> 
     </span>
     <span class='ocr_line' id='line_1_21' title="bbox 75 1707 1570 1781; baseline 0.016 -35"><span class='ocrx_word' id='word_1_169' title='bbox 75 1707 203 1749; x_wconf 87' lang='lat' dir='ltr'><em>benda</em></span> <span class='ocrx_word' id='word_1_170' title='bbox 242 1723 321 1750; x_wconf 91' lang='lat' dir='ltr'><em>non</em></span> <span class='ocrx_word' id='word_1_171' title='bbox 361 1720 440 1760; x_wconf 91' lang='lat' dir='ltr'><em>est,</em></span> <span class='ocrx_word' id='word_1_172' title='bbox 478 1724 673 1767; x_wconf 88' lang='lat' dir='ltr'><em>quatenus</em></span> <span class='ocrx_word' id='word_1_173' title='bbox 704 1723 961 1772; x_wconf 81' lang='lat' dir='ltr'><em>»angelorum</em></span> <span class='ocrx_word' id='word_1_174' title='bbox 992 1725 1277 1780; x_wconf 85' lang='lat' dir='ltr'><em>hominumque</em></span> <span class='ocrx_word' id='word_1_175' title='bbox 1309 1729 1428 1768; x_wconf 87' lang='lat' dir='ltr'><em>saluti</em></span> <span class='ocrx_word' id='word_1_176' title='bbox 1459 1743 1570 1781; x_wconf 84' lang='lat' dir='ltr'><em>prae-</em></span> 
     </span>
     <span class='ocr_line' id='line_1_22' title="bbox 76 1777 1569 1849; baseline 0.016 -34"><span class='ocrx_word' id='word_1_177' title='bbox 76 1777 292 1819; x_wconf 80' lang='lat' dir='ltr'><em>»serendus</em></span> <span class='ocrx_word' id='word_1_178' title='bbox 317 1789 376 1821; x_wconf 88' lang='lat' dir='ltr'><em>est</em></span> <span class='ocrx_word' id='word_1_179' title='bbox 401 1783 470 1822; x_wconf 91' lang='lat' dir='ltr'><em>Dei</em></span> <span class='ocrx_word' id='word_1_180' title='bbox 497 1787 626 1826; x_wconf 84' lang='lat' dir='ltr'><em>cultus</em></span> <span class='ocrx_word' id='word_1_181' title='bbox 642 1789 710 1842; x_wconf 74' lang='lat'><em>⁸).&#39;&#39;</em></span> <span class='ocrx_word' id='word_1_182' title='bbox 765 1790 969 1832; x_wconf 87' lang='lat' dir='ltr'><em>»Primum</em></span> <span class='ocrx_word' id='word_1_183' title='bbox 995 1795 1118 1847; x_wconf 88' lang='lat' dir='ltr'><em>igitur</em></span> <span class='ocrx_word' id='word_1_184' title='bbox 1143 1805 1259 1849; x_wconf 85' lang='lat' dir='ltr'><em>caput</em></span> <span class='ocrx_word' id='word_1_185' title='bbox 1285 1805 1366 1843; x_wconf 90' lang='lat' dir='ltr'><em>est,</em></span> <span class='ocrx_word' id='word_1_186' title='bbox 1396 1805 1440 1839; x_wconf 84' lang='lat' dir='ltr'><em>ut</em></span> <span class='ocrx_word' id='word_1_187' title='bbox 1466 1797 1569 1837; x_wconf 87' lang='lat' dir='ltr'><em>Deus</em></span> 
     </span>
     <span class='ocr_line' id='line_1_23' title="bbox 74 1846 1568 1917; baseline 0.016 -34"><span class='ocrx_word' id='word_1_188' title='bbox 74 1846 179 1884; x_wconf 85' lang='lat' dir='ltr'><em>»rite</em></span> <span class='ocrx_word' id='word_1_189' title='bbox 218 1850 370 1888; x_wconf 87' lang='lat' dir='ltr'><em>colatur</em></span> <span class='ocrx_word' id='word_1_190' title='bbox 392 1851 465 1902; x_wconf 79' lang='lat'><em>⁹).&#39;&#39;</em></span> <span class='ocrx_word' id='word_1_191' title='bbox 522 1853 735 1902; x_wconf 88' lang='lat' dir='ltr'><em>Nimirum,</em></span> <span class='ocrx_word' id='word_1_192' title='bbox 789 1859 845 1897; x_wconf 85' lang='lat' dir='ltr'><em>»si</em></span> <span class='ocrx_word' id='word_1_193' title='bbox 886 1862 1112 1912; x_wconf 85' lang='lat' dir='ltr'><em>quaeritur,</em></span> <span class='ocrx_word' id='word_1_194' title='bbox 1145 1865 1289 1916; x_wconf 89' lang='lat' dir='ltr'><em>quibus</em></span> <span class='ocrx_word' id='word_1_195' title='bbox 1318 1857 1568 1917; x_wconf 80' lang='lat' dir='ltr'><em>potissimum</em></span> 
     </span>
     <span class='ocr_line' id='line_1_24' title="bbox 73 1915 1566 1984; baseline 0.015 -31"><span class='ocrx_word' id='word_1_196' title='bbox 73 1915 219 1955; x_wconf 87' lang='lat' dir='ltr'><em>»rebus</em></span> <span class='ocrx_word' id='word_1_197' title='bbox 257 1924 335 1957; x_wconf 88' lang='lat' dir='ltr'><em>stet</em></span> <span class='ocrx_word' id='word_1_198' title='bbox 374 1918 596 1961; x_wconf 84' lang='lat' dir='ltr'><em>Christiana</em></span> <span class='ocrx_word' id='word_1_199' title='bbox 635 1925 775 1976; x_wconf 86' lang='lat' dir='ltr'><em>religio</em></span> <span class='ocrx_word' id='word_1_200' title='bbox 806 1927 912 1966; x_wconf 86' lang='lat' dir='ltr'><em>inter</em></span> <span class='ocrx_word' id='word_1_201' title='bbox 942 1942 1013 1968; x_wconf 89' lang='lat' dir='ltr'><em>nos</em></span> <span class='ocrx_word' id='word_1_202' title='bbox 1043 1943 1233 1984; x_wconf 84' lang='lat' dir='ltr'><em>suamque</em></span> <span class='ocrx_word' id='word_1_203' title='bbox 1266 1935 1476 1974; x_wconf 84' lang='lat' dir='ltr'><em>veritatem</em></span> <span class='ocrx_word' id='word_1_204' title='bbox 1505 1949 1566 1976; x_wconf 86' lang='lat' dir='ltr'><em>re-</em></span> 
     </span>
     <span class='ocr_line' id='line_1_25' title="bbox 71 1985 1565 2055; baseline 0.016 -34"><span class='ocrx_word' id='word_1_205' title='bbox 71 1985 246 2030; x_wconf 87' lang='lat' dir='ltr'><em>»tineat‚</em></span> <span class='ocrx_word' id='word_1_206' title='bbox 284 1986 354 2026; x_wconf 84' lang='lat' dir='ltr'><em>has</em></span> <span class='ocrx_word' id='word_1_207' title='bbox 393 1989 491 2028; x_wconf 88' lang='lat' dir='ltr'><em>duas</em></span> <span class='ocrx_word' id='word_1_208' title='bbox 529 2004 609 2030; x_wconf 92' lang='lat' dir='ltr'><em>non</em></span> <span class='ocrx_word' id='word_1_209' title='bbox 647 1994 766 2033; x_wconf 79' lang='lat' dir='ltr'><em>inodo</em></span> <span class='ocrx_word' id='word_1_210' title='bbox 801 2008 998 2037; x_wconf 90' lang='lat' dir='ltr'><em>summum</em></span> <span class='ocrx_word' id='word_1_211' title='bbox 1028 2000 1157 2039; x_wconf 87' lang='lat' dir='ltr'><em>locum</em></span> <span class='ocrx_word' id='word_1_212' title='bbox 1190 2014 1380 2055; x_wconf 84' lang='lat' dir='ltr'><em>occupare</em></span> <span class='ocrx_word' id='word_1_213' title='bbox 1412 2012 1565 2045; x_wconf 78' lang='lat' dir='ltr'><em>certum</em></span> 
     </span>
     <span class='ocr_line' id='line_1_26' title="bbox 71 2055 1565 2122; baseline 0.016 -31"><span class='ocrx_word' id='word_1_214' title='bbox 71 2069 86 2085; x_wconf 62' lang='grc' dir='ltr'><em>ν)</em></span> <span class='ocrx_word' id='word_1_215' title='bbox 100 2060 179 2098; x_wconf 85' lang='lat' dir='ltr'><em>est,</em></span> <span class='ocrx_word' id='word_1_216' title='bbox 208 2055 276 2094; x_wconf 88' lang='lat' dir='ltr'><em>sed</em></span> <span class='ocrx_word' id='word_1_217' title='bbox 305 2057 477 2109; x_wconf 89' lang='lat' dir='ltr'><em>reliquas</em></span> <span class='ocrx_word' id='word_1_218' title='bbox 506 2061 627 2100; x_wconf 87' lang='lat' dir='ltr'><em>etiam</em></span> <span class='ocrx_word' id='word_1_219' title='bbox 657 2075 793 2103; x_wconf 88' lang='lat' dir='ltr'><em>omnes</em></span> <span class='ocrx_word' id='word_1_220' title='bbox 818 2073 967 2117; x_wconf 80' lang='lat' dir='ltr'><em>partes,</em></span> <span class='ocrx_word' id='word_1_221' title='bbox 997 2069 1174 2122; x_wconf 86' lang='lat' dir='ltr'><em>adeoque</em></span> <span class='ocrx_word' id='word_1_222' title='bbox 1202 2079 1325 2112; x_wconf 87' lang='lat' dir='ltr'><em>totam</em></span> <span class='ocrx_word' id='word_1_223' title='bbox 1350 2075 1429 2113; x_wconf 83' lang='lat' dir='ltr'><em>vim</em></span> <span class='ocrx_word' id='word_1_224' title='bbox 1455 2074 1565 2114; x_wconf 88' lang='lat' dir='ltr'><em>Chri-</em></span> 
     </span>
     <span class='ocr_line' id='line_1_27' title="bbox 71 2123 1564 2189; baseline 0.016 -29"><span class='ocrx_word' id='word_1_225' title='bbox 71 2123 292 2164; x_wconf 79' lang='lat' dir='ltr'><em>»stianismi</em></span> <span class='ocrx_word' id='word_1_226' title='bbox 331 2127 404 2166; x_wconf 89' lang='lat' dir='ltr'><em>sub</em></span> <span class='ocrx_word' id='word_1_227' title='bbox 442 2141 483 2168; x_wconf 90' lang='lat' dir='ltr'><em>se</em></span> <span class='ocrx_word' id='word_1_228' title='bbox 523 2132 876 2184; x_wconf 52' lang='lat' dir='ltr'><em>comprehende-‚m</em></span> <span class='ocrx_word' id='word_1_229' title='bbox 914 2142 955 2176; x_wconf 75' lang='lat' dir='ltr'><em>ut</em></span> <span class='ocrx_word' id='word_1_230' title='bbox 991 2139 1063 2177; x_wconf 78' lang='lat' dir='ltr'><em>rite</em></span> <span class='ocrx_word' id='word_1_231' title='bbox 1100 2140 1247 2180; x_wconf 75' lang='lat' dir='ltr'><em>colatur</em></span> <span class='ocrx_word' id='word_1_232' title='bbox 1281 2142 1400 2188; x_wconf 79' lang='lat' dir='ltr'><em>Deus,</em></span> <span class='ocrx_word' id='word_1_233' title='bbox 1440 2149 1473 2182; x_wconf 78' lang='lat' dir='ltr'><em>et</em></span> <span class='ocrx_word' id='word_1_234' title='bbox 1501 2149 1564 2189; x_wconf 77' lang='lat' dir='ltr'><em>ut,</em></span> 
     </span>
     <span class='ocr_line' id='line_1_28' title="bbox 71 2190 1562 2266; baseline 0.017 -37"><span class='ocrx_word' id='word_1_235' title='bbox 71 2190 186 2230; x_wconf 76' lang='lat' dir='ltr'><em>»inde</em></span> <span class='ocrx_word' id='word_1_236' title='bbox 214 2194 318 2234; x_wconf 81' lang='lat' dir='ltr'><em>salus</em></span> <span class='ocrx_word' id='word_1_237' title='bbox 348 2196 421 2235; x_wconf 82' lang='lat' dir='ltr'><em>sibi</em></span> <span class='ocrx_word' id='word_1_238' title='bbox 444 2200 607 2249; x_wconf 77' lang='lat' dir='ltr'><em>pelenda</em></span> <span class='ocrx_word' id='word_1_239' title='bbox 637 2201 704 2247; x_wconf 83' lang='lat' dir='ltr'><em>sit,</em></span> <span class='ocrx_word' id='word_1_240' title='bbox 734 2205 903 2244; x_wconf 69' lang='lat' dir='ltr'><em>noverint</em></span> <span class='ocrx_word' id='word_1_241' title='bbox 933 2206 1101 2247; x_wconf 76' lang='lat' dir='ltr'><em>homines</em></span> <span class='ocrx_word' id='word_1_242' title='bbox 1126 2210 1211 2263; x_wconf 84' lang='lat'><em>¹⁰).&#39;&#39;</em></span> <span class='ocrx_word' id='word_1_243' title='bbox 1262 2211 1462 2252; x_wconf 86' lang='lat' dir='ltr'><em>Habemus</em></span> <span class='ocrx_word' id='word_1_244' title='bbox 1490 2214 1562 2266; x_wconf 87' lang='lat' dir='ltr'><em>igi-</em></span> 
     </span>
     <span class='ocr_line' id='line_1_29' title="bbox 68 2262 1561 2325; baseline 0.017 -28"><span class='ocrx_word' id='word_1_245' title='bbox 68 2265 135 2298; x_wconf 84' lang='lat' dir='ltr'><em>tur</em></span> <span class='ocrx_word' id='word_1_246' title='bbox 181 2262 383 2303; x_wconf 84' lang='lat' dir='ltr'><em>ecelesiam</em></span> <span class='ocrx_word' id='word_1_247' title='bbox 428 2278 475 2305; x_wconf 92' lang='lat' dir='ltr'><em>eo</em></span> <span class='ocrx_word' id='word_1_248' title='bbox 514 2269 700 2315; x_wconf 87' lang='lat' dir='ltr'><em>tendere,</em></span> <span class='ocrx_word' id='word_1_249' title='bbox 739 2279 783 2310; x_wconf 92' lang='lat' dir='ltr'><em>ut</em></span> <span class='ocrx_word' id='word_1_250' title='bbox 822 2284 1081 2316; x_wconf 86' lang='lat' dir='ltr'><em>conservetur</em></span> <span class='ocrx_word' id='word_1_251' title='bbox 1116 2279 1318 2325; x_wconf 87' lang='lat' dir='ltr'><em>doctrina,</em></span> <span class='ocrx_word' id='word_1_252' title='bbox 1354 2288 1398 2320; x_wconf 82' lang='lat' dir='ltr'><em>ut</em></span> <span class='ocrx_word' id='word_1_253' title='bbox 1442 2282 1561 2322; x_wconf 89' lang='lat' dir='ltr'><em>fidem</em></span> 
     </span>
     <span class='ocr_line' id='line_1_30' title="bbox 69 2331 1564 2403; baseline 0.018 -37"><span class='ocrx_word' id='word_1_254' title='bbox 69 2338 213 2382; x_wconf 83' lang='lat' dir='ltr'><em>augeat</em></span> <span class='ocrx_word' id='word_1_255' title='bbox 250 2331 292 2370; x_wconf 90' lang='lat' dir='ltr'><em>in</em></span> <span class='ocrx_word' id='word_1_256' title='bbox 331 2334 486 2382; x_wconf 87' lang='lat' dir='ltr'><em>electis,</em></span> <span class='ocrx_word' id='word_1_257' title='bbox 526 2351 671 2391; x_wconf 90' lang='lat' dir='ltr'><em>eosque</em></span> <span class='ocrx_word' id='word_1_258' title='bbox 707 2343 835 2382; x_wconf 82' lang='lat' dir='ltr'><em>salute</em></span> <span class='ocrx_word' id='word_1_259' title='bbox 874 2344 966 2384; x_wconf 86' lang='lat' dir='ltr'><em>beet</em></span> <span class='ocrx_word' id='word_1_260' title='bbox 997 2353 1181 2394; x_wconf 86' lang='lat' dir='ltr'><em>aeterna,</em></span> <span class='ocrx_word' id='word_1_261' title='bbox 1211 2350 1382 2403; x_wconf 89' lang='lat' dir='ltr'><em>denique</em></span> <span class='ocrx_word' id='word_1_262' title='bbox 1412 2359 1457 2391; x_wconf 87' lang='lat' dir='ltr'><em>ut</em></span> <span class='ocrx_word' id='word_1_263' title='bbox 1487 2353 1564 2391; x_wconf 83' lang='lat' dir='ltr'><em>rite</em></span> 
     </span>
    </p>
   </div>
   <div class='ocr_carea' id='block_1_5' title="bbox 119 2465 982 2634">
    <p class='ocr_par' dir='ltr' id='par_1_5' title="bbox 119 2465 982 2634">
     <span class='ocr_line' id='line_1_31' title="bbox 121 2465 912 2526; baseline 0.024 -28"><span class='ocrx_word' id='word_1_264' title='bbox 121 2465 146 2506; x_wconf 82' lang='grc'><em>7)</em></span> <span class='ocrx_word' id='word_1_265' title='bbox 175 2469 285 2504; x_wconf 86' lang='lat' dir='ltr'><em>Comm.</em></span> <span class='ocrx_word' id='word_1_266' title='bbox 308 2473 342 2504; x_wconf 79' lang='lat' dir='ltr'><em>in</em></span> <span class='ocrx_word' id='word_1_267' title='bbox 364 2474 433 2508; x_wconf 76' lang='lat' dir='ltr'><em>Act.</em></span> <span class='ocrx_word' id='word_1_268' title='bbox 456 2475 500 2510; x_wconf 90' lang='lat' dir='ltr'><em>II.</em></span> <span class='ocrx_word' id='word_1_269' title='bbox 524 2479 576 2511; x_wconf 79' lang='lat'><em>42.</em></span> <span class='ocrx_word' id='word_1_270' title='bbox 601 2480 686 2514; x_wconf 88' lang='lat' dir='ltr'><em>Tom.</em></span> <span class='ocrx_word' id='word_1_271' title='bbox 712 2482 781 2515; x_wconf 81' lang='lat' dir='ltr'><em>VIc.</em></span> <span class='ocrx_word' id='word_1_272' title='bbox 804 2495 835 2526; x_wconf 90' lang='lat' dir='ltr'><em>p.</em></span> <span class='ocrx_word' id='word_1_273' title='bbox 860 2484 912 2518; x_wconf 78' lang='lat'><em>23.</em></span> 
     </span>
     <span class='ocr_line' id='line_1_32' title="bbox 122 2521 982 2578; baseline 0.024 -26"><span class='ocrx_word' id='word_1_274' title='bbox 122 2521 146 2560; x_wconf 84' lang='grc'><em>1)</em></span> <span class='ocrx_word' id='word_1_275' title='bbox 172 2524 250 2556; x_wconf 78' lang='lat' dir='ltr'><em>Inst.</em></span> <span class='ocrx_word' id='word_1_276' title='bbox 274 2526 328 2560; x_wconf 93' lang='lat' dir='ltr'><em>IV.</em></span> <span class='ocrx_word' id='word_1_277' title='bbox 355 2529 382 2562; x_wconf 94' lang='lat' dir='ltr'><em>l.</em></span> <span class='ocrx_word' id='word_1_278' title='bbox 408 2532 436 2563; x_wconf 88' lang='lat'><em>1.</em></span> <span class='ocrx_word' id='word_1_279' title='bbox 570 2535 595 2575; x_wconf 88' lang='lat'><em>2)</em></span> <span class='ocrx_word' id='word_1_280' title='bbox 621 2536 668 2569; x_wconf 88' lang='lat' dir='ltr'><em>Ib.</em></span> <span class='ocrx_word' id='word_1_281' title='bbox 693 2539 730 2569; x_wconf 84' lang='lat' dir='ltr'><em>cf.</em></span> <span class='ocrx_word' id='word_1_282' title='bbox 755 2538 810 2570; x_wconf 90' lang='lat' dir='ltr'><em>IV.</em></span> <span class='ocrx_word' id='word_1_283' title='bbox 836 2540 865 2571; x_wconf 86' lang='lat'><em>1.</em></span> <span class='ocrx_word' id='word_1_284' title='bbox 891 2541 927 2578; x_wconf 88' lang='grc'><em>3,</em></span> <span class='ocrx_word' id='word_1_285' title='bbox 951 2543 982 2573; x_wconf 89' lang='grc'><em>4.</em></span> 
     </span>
     <span class='ocr_line' id='line_1_33' title="bbox 119 2577 869 2634; baseline 0.024 -27"><span class='ocrx_word' id='word_1_286' title='bbox 119 2577 144 2617; x_wconf 86' lang='lat'><em>³)</em></span> <span class='ocrx_word' id='word_1_287' title='bbox 169 2578 218 2610; x_wconf 85' lang='lat' dir='ltr'><em>De</em></span> <span class='ocrx_word' id='word_1_288' title='bbox 240 2591 305 2612; x_wconf 77' lang='lat' dir='ltr'><em>nec.</em></span> <span class='ocrx_word' id='word_1_289' title='bbox 329 2583 388 2624; x_wconf 72' lang='lat' dir='ltr'><em>ref.</em></span> <span class='ocrx_word' id='word_1_290' title='bbox 412 2585 495 2618; x_wconf 84' lang='lat' dir='ltr'><em>Eccl.</em></span> <span class='ocrx_word' id='word_1_291' title='bbox 520 2587 605 2622; x_wconf 82' lang='lat' dir='ltr'><em>Tom.</em></span> <span class='ocrx_word' id='word_1_292' title='bbox 629 2591 721 2624; x_wconf 89' lang='lat' dir='ltr'><strong>VIII.</strong></span> <span class='ocrx_word' id='word_1_293' title='bbox 746 2603 775 2634; x_wconf 93' lang='lat' dir='ltr'><em>p.</em></span> <span class='ocrx_word' id='word_1_294' title='bbox 802 2593 869 2625; x_wconf 72' lang='lat'><em>38³.</em></span> 
     </span>
    </p>
   </div>
   <div class='ocr_carea' id='block_1_6' title="bbox 117 2631 1481 2727">
    <p class='ocr_par' dir='ltr' id='par_1_6' title="bbox 117 2631 1481 2727">
     <span class='ocr_line' id='line_1_34' title="bbox 119 2631 1481 2698; baseline 0.021 -36"><span class='ocrx_word' id='word_1_295' title='bbox 119 2631 144 2671; x_wconf 73' lang='lat'><em>⁴)</em></span> <span class='ocrx_word' id='word_1_296' title='bbox 171 2635 249 2667; x_wconf 81' lang='lat' dir='ltr'><em>Inst.</em></span> <span class='ocrx_word' id='word_1_297' title='bbox 274 2635 329 2669; x_wconf 87' lang='lat' dir='ltr'><em>IV.</em></span> <span class='ocrx_word' id='word_1_298' title='bbox 356 2638 384 2670; x_wconf 85' lang='lat'><em>8.</em></span> <span class='ocrx_word' id='word_1_299' title='bbox 410 2639 460 2672; x_wconf 85' lang='lat'><em>12.</em></span> <span class='ocrx_word' id='word_1_300' title='bbox 485 2642 522 2674; x_wconf 81' lang='lat' dir='ltr'><em>cf.</em></span> <span class='ocrx_word' id='word_1_301' title='bbox 546 2643 600 2677; x_wconf 86' lang='lat' dir='ltr'><em>IV.</em></span> <span class='ocrx_word' id='word_1_302' title='bbox 625 2646 654 2678; x_wconf 86' lang='lat'><em>1.</em></span> <span class='ocrx_word' id='word_1_303' title='bbox 681 2648 716 2685; x_wconf 84' lang='lat'><em>5,</em></span> <span class='ocrx_word' id='word_1_304' title='bbox 742 2647 793 2679; x_wconf 89' lang='grc'><em>10.</em></span> <span class='ocrx_word' id='word_1_305' title='bbox 817 2650 848 2679; x_wconf 71' lang='lat' dir='ltr'><em>et</em></span> <span class='ocrx_word' id='word_1_306' title='bbox 871 2649 928 2691; x_wconf 76' lang='lat' dir='ltr'><em>Ep.</em></span> <span class='ocrx_word' id='word_1_307' title='bbox 957 2651 1041 2683; x_wconf 71' lang='lat' dir='ltr'><em>Calo.</em></span> <span class='ocrx_word' id='word_1_308' title='bbox 1067 2652 1125 2695; x_wconf 85' lang='lat' dir='ltr'><em>Op.</em></span> <span class='ocrx_word' id='word_1_309' title='bbox 1150 2654 1236 2686; x_wconf 82' lang='lat' dir='ltr'><em>Tom.</em></span> <span class='ocrx_word' id='word_1_310' title='bbox 1261 2655 1335 2687; x_wconf 87' lang='lat' dir='ltr'><em>IXb.</em></span> <span class='ocrx_word' id='word_1_311' title='bbox 1359 2667 1388 2698; x_wconf 89' lang='lat' dir='ltr'><em>p.</em></span> <span class='ocrx_word' id='word_1_312' title='bbox 1414 2658 1481 2692; x_wconf 74' lang='lat' dir='ltr'><em>Gla.</em></span> 
     </span>
     <span class='ocr_line' id='line_1_35' title="bbox 117 2686 456 2727; baseline 0.027 -9"><span class='ocrx_word' id='word_1_313' title='bbox 117 2686 141 2727; x_wconf 82' lang='lat'><em>⁵)</em></span> <span class='ocrx_word' id='word_1_314' title='bbox 168 2688 246 2721; x_wconf 70' lang='grc' dir='ltr'><em>[πεί.</em></span> <span class='ocrx_word' id='word_1_315' title='bbox 271 2689 325 2723; x_wconf 90' lang='lat' dir='ltr'><em>IV.</em></span> <span class='ocrx_word' id='word_1_316' title='bbox 352 2693 379 2724; x_wconf 93' lang='grc'><em>1.</em></span> <span class='ocrx_word' id='word_1_317' title='bbox 406 2694 456 2727; x_wconf 90' lang='grc'><em>10.</em></span> 
     </span>
    </p>
   </div>
   <div class='ocr_carea' id='block_1_7' title="bbox 76 2743 1075 3018">
    <p class='ocr_par' dir='ltr' id='par_1_7' title="bbox 76 2743 1075 2843">
     <span class='ocr_line' id='line_1_36' title="bbox 119 2743 1075 2799; baseline 0.02 -24"><span class='ocrx_word' id='word_1_318' title='bbox 119 2743 144 2783; x_wconf 80' lang='lat'><em>⁶)</em></span> <span class='ocrx_word' id='word_1_319' title='bbox 172 2744 281 2779; x_wconf 86' lang='lat' dir='ltr'><em>Comm.</em></span> <span class='ocrx_word' id='word_1_320' title='bbox 304 2748 350 2779; x_wconf 86' lang='lat' dir='ltr'><em>ad</em></span> <span class='ocrx_word' id='word_1_321' title='bbox 373 2749 401 2780; x_wconf 86' lang='lat'><em>1.</em></span> <span class='ocrx_word' id='word_1_322' title='bbox 426 2751 471 2783; x_wconf 90' lang='lat' dir='ltr'><em>Io.</em></span> <span class='ocrx_word' id='word_1_323' title='bbox 496 2751 540 2784; x_wconf 90' lang='grc' dir='ltr'><em>ΙΙ.</em></span> <span class='ocrx_word' id='word_1_324' title='bbox 566 2755 594 2787; x_wconf 88' lang='lat'><em>5.</em></span> <span class='ocrx_word' id='word_1_325' title='bbox 621 2757 697 2789; x_wconf 73' lang='lat' dir='ltr'><em>[nst.</em></span> <span class='ocrx_word' id='word_1_326' title='bbox 721 2757 776 2789; x_wconf 92' lang='lat' dir='ltr'><em>IV.</em></span> <span class='ocrx_word' id='word_1_327' title='bbox 802 2758 832 2790; x_wconf 87' lang='grc'><em>1.</em></span> <span class='ocrx_word' id='word_1_328' title='bbox 858 2759 915 2799; x_wconf 83' lang='grc'><em>20,</em></span> <span class='ocrx_word' id='word_1_329' title='bbox 941 2761 1000 2798; x_wconf 76' lang='lat'><em>21,</em></span> <span class='ocrx_word' id='word_1_330' title='bbox 1024 2762 1075 2795; x_wconf 76' lang='lat'><em>22.</em></span> 
     </span>
     <span class='ocr_line' id='line_1_37' title="bbox 76 2796 697 2843; baseline 0.026 -16"><span class='ocrx_word' id='word_1_331' title='bbox 76 2796 81 2800; x_wconf 74' lang='lat'><strong>&#39;</strong></span> <span class='ocrx_word' id='word_1_332' title='bbox 117 2796 141 2837; x_wconf 77' lang='lat'><em>7)</em></span> <span class='ocrx_word' id='word_1_333' title='bbox 168 2800 248 2832; x_wconf 79' lang='lat' dir='ltr'><em>Inst.</em></span> <span class='ocrx_word' id='word_1_334' title='bbox 272 2799 327 2834; x_wconf 92' lang='lat' dir='ltr'><em>IV.</em></span> <span class='ocrx_word' id='word_1_335' title='bbox 353 2803 382 2834; x_wconf 89' lang='lat'><em>1.</em></span> <span class='ocrx_word' id='word_1_336' title='bbox 407 2804 435 2836; x_wconf 89' lang='lat'><em>3.</em></span> <span class='ocrx_word' id='word_1_337' title='bbox 460 2807 491 2836; x_wconf 81' lang='lat' dir='ltr'><em>et</em></span> <span class='ocrx_word' id='word_1_338' title='bbox 514 2806 568 2840; x_wconf 88' lang='lat' dir='ltr'><em>IV.</em></span> <span class='ocrx_word' id='word_1_339' title='bbox 593 2809 621 2840; x_wconf 89' lang='lat'><em>8.</em></span> <span class='ocrx_word' id='word_1_340' title='bbox 647 2811 697 2843; x_wconf 83' lang='grc'><em>12.</em></span> 
     </span>
    </p>

    <p class='ocr_par' dir='ltr' id='par_1_8' title="bbox 116 2850 947 2910">
     <span class='ocr_line' id='line_1_38' title="bbox 116 2850 947 2910; baseline 0.025 -27"><span class='ocrx_word' id='word_1_341' title='bbox 116 2850 142 2892; x_wconf 84' lang='lat'><em>⁸)</em></span> <span class='ocrx_word' id='word_1_342' title='bbox 173 2855 253 2887; x_wconf 83' lang='lat' dir='ltr'><em>Vera</em></span> <span class='ocrx_word' id='word_1_343' title='bbox 275 2855 356 2888; x_wconf 86' lang='lat' dir='ltr'><em>Eccl.</em></span> <span class='ocrx_word' id='word_1_344' title='bbox 380 2859 439 2901; x_wconf 80' lang='lat' dir='ltr'><em>ref.</em></span> <span class='ocrx_word' id='word_1_345' title='bbox 463 2862 555 2894; x_wconf 79' lang='lat' dir='ltr'><em>ratio.</em></span> <span class='ocrx_word' id='word_1_346' title='bbox 579 2862 664 2897; x_wconf 80' lang='lat' dir='ltr'><em>Tom.</em></span> <span class='ocrx_word' id='word_1_347' title='bbox 684 2865 775 2900; x_wconf 87' lang='lat' dir='ltr'><strong>VIII.</strong></span> <span class='ocrx_word' id='word_1_348' title='bbox 799 2879 829 2910; x_wconf 89' lang='lat' dir='ltr'><em>p.</em></span> <span class='ocrx_word' id='word_1_349' title='bbox 855 2867 947 2904; x_wconf 66' lang='lat'><em>27311.</em></span> 
     </span>
    </p>

    <p class='ocr_par' dir='ltr' id='par_1_9' title="bbox 118 2907 1003 2965">
     <span class='ocr_line' id='line_1_39' title="bbox 118 2907 1003 2965; baseline 0.021 -26"><span class='ocrx_word' id='word_1_350' title='bbox 118 2907 142 2947; x_wconf 86' lang='lat'><em>⁹)</em></span> <span class='ocrx_word' id='word_1_351' title='bbox 168 2909 259 2952; x_wconf 81' lang='lat' dir='ltr'><em>Resp.</em></span> <span class='ocrx_word' id='word_1_352' title='bbox 284 2911 329 2943; x_wconf 84' lang='lat' dir='ltr'><em>ad</em></span> <span class='ocrx_word' id='word_1_353' title='bbox 353 2914 424 2945; x_wconf 81' lang='lat' dir='ltr'><em>Cur.</em></span> <span class='ocrx_word' id='word_1_354' title='bbox 447 2917 609 2957; x_wconf 76' lang='lat' dir='ltr'><em>quendam.</em></span> <span class='ocrx_word' id='word_1_355' title='bbox 633 2919 719 2954; x_wconf 86' lang='lat' dir='ltr'><em>Tom.</em></span> <span class='ocrx_word' id='word_1_356' title='bbox 744 2921 835 2954; x_wconf 90' lang='lat' dir='ltr'><strong>VIII.</strong></span> <span class='ocrx_word' id='word_1_357' title='bbox 860 2933 889 2965; x_wconf 90' lang='lat' dir='ltr'><em>p.</em></span> <span class='ocrx_word' id='word_1_358' title='bbox 915 2925 1003 2958; x_wconf 71' lang='lat'><em>242³.</em></span> 
     </span>
    </p>

    <p class='ocr_par' dir='ltr' id='par_1_10' title="bbox 101 2961 866 3018">
     <span class='ocr_line' id='line_1_40' title="bbox 101 2961 866 3018; baseline 0.022 -25"><span class='ocrx_word' id='word_1_359' title='bbox 101 2961 142 3003; x_wconf 83' lang='lat'><em>¹⁰)</em></span> <span class='ocrx_word' id='word_1_360' title='bbox 167 2963 216 2995; x_wconf 84' lang='lat' dir='ltr'><em>De</em></span> <span class='ocrx_word' id='word_1_361' title='bbox 237 2975 302 3000; x_wconf 79' lang='lat' dir='ltr'><em>nec.</em></span> <span class='ocrx_word' id='word_1_362' title='bbox 326 2968 386 3010; x_wconf 77' lang='lat' dir='ltr'><em>ref.</em></span> <span class='ocrx_word' id='word_1_363' title='bbox 409 2969 493 3003; x_wconf 80' lang='lat' dir='ltr'><em>Eccl.</em></span> <span class='ocrx_word' id='word_1_364' title='bbox 518 2971 604 3006; x_wconf 82' lang='lat' dir='ltr'><em>Tom.</em></span> <span class='ocrx_word' id='word_1_365' title='bbox 628 2972 718 3009; x_wconf 91' lang='lat' dir='ltr'><strong>VIII.</strong></span> <span class='ocrx_word' id='word_1_366' title='bbox 743 2986 773 3018; x_wconf 73' lang='lat' dir='ltr'><em>p.</em></span> <span class='ocrx_word' id='word_1_367' title='bbox 798 2977 866 3010; x_wconf 79' lang='lat'><em>38³.</em></span> 
     </span>
    </p>
   </div>
  </div>
 </body>
</html>
