1849 3239
952 87 1031 126 150

245 224 447 264 »Ecclesia
477 222 603 262 officia
637 223 686 261 ad
716 227 896 260 mutuam
920 220 1088 260 fratrum
1112 221 1282 260 invicem
1308 222 1482 259 omnium
1507 222 1737 260 societatem

246 294 498 346 »pertinent‚
538 293 579 330 111
613 291 690 329 1100
725 290 905 341 inprimis
943 290 1160 328 consistere
1190 290 1379 328 videntur
1393 289 1474 342 ²³):'’
1531 308 1546 325 >›
1560 297 1605 329 ut
1634 291 1737 341 quis-

245 375 351 413 »que
381 362 422 400 in
452 360 625 399 Ecclesia
657 359 780 397 totius
809 358 927 396 simul
958 359 1131 410 corporis
1161 357 1357 397 Ecclesiae
1387 359 1599 410 imprimis,
1629 359 1739 416 dein·

246 430 325 469 »dc
365 441 459 470 vero
497 428 745 480 singulorum
783 427 869 465 eius
906 427 1175 466 membrorum
1215 427 1321 465 inter
1358 439 1443 466 sese
1481 427 1625 479 (quoad
1655 429 1740 466 eius

247 498 363 539 »fieri
401 497 545 550 potest)
584 509 740 548 pacem,
780 496 1030 535 concordiam
1070 504 1188 547 atque
1218 497 1412 534 unitatem
1443 497 1516 535 sub
1543 497 1740 536 verbidi-

246 568 356 606 »vini
388 567 615 605 obedientia
646 565 850 609 observet,
891 565 1109 610 custodiat,
1148 572 1378 617 promoveat
1408 578 1451 603 ac
1481 561 1642 604 tueatur
1670 578 1741 617 pro

247 648 346 674 »sua
384 636 510 677 virili,
549 647 678 686 neque
718 635 825 673 illam
861 634 986 687 (quod
1015 635 1056 672 in
1086 635 1171 686 ipso
1201 634 1278 686 est)
1307 634 1432 673 scindi
1462 635 1741 686 quoquomodo

248 703 552 756 »perturbarive
597 703 796 755 sinat⁹);'’
840 711 1048 755 propterea
1093 704 1219 754 quod,
1277 704 1362 742 »als
1404 704 1629 742 ledematen
1672 705 1742 743 der

246 773 512 825 »ghemeente
552 772 773 811 Christi...
814 772 912 811 door
951 773 1000 811 de
1039 772 1159 810 liesde
1197 772 1294 811 hare
1334 785 1461 824 gaven
1497 779 1556 811 tot
1596 773 1742 825 opbou-

247 843 408 894 »winge
445 854 611 893 gemeen
649 840 809 879 hebben
828 840 909 893 ¹⁰).’'
969 840 1174 880 »Membra
1205 842 1310 880 enim
1342 842 1382 880 in
1413 854 1493 880 uno
1524 842 1742 894 eodemque

245 923 439 962 »corpore
470 911 622 956 omnia,
652 922 731 948 non
762 916 927 962 possunt
957 911 1032 948 alia
1062 922 1132 962 pro
1163 911 1249 948 aliis
1275 922 1354 949 non
1380 923 1535 962 semper
1559 924 1643 949 esse
1670 912 1743 949 sol-

246 997 262 1015 »
278 981 405 1019 licita:
446 980 514 1019 sed
553 986 732 1019 mutuam
772 980 878 1018 inter
917 992 958 1018 se
994 976 1165 1018 invicem
1193 993 1328 1018 curam
1358 980 1432 1018 alia
1463 993 1533 1032 pro
1563 981 1647 1019 aliis
1677 980 1744 1019 ha·

248 1049 475 1102 »hent¹¹).’'
535 1048 614 1088 »Ut
643 1048 792 1101 (porro)
823 1049 989 1100 quisque
1020 1048 1060 1087 in
1091 1048 1266 1088 Ecclesia
1297 1050 1396 1088 alius
1421 1050 1542 1088 alium
1568 1050 1746 1089 fraterne
1803 1054 1815 1059 ”

247 1131 326 1157 »ex
355 1118 478 1157 verbo
508 1118 577 1157 Dei
607 1118 840 1162 admoneat,
871 1125 911 1156 et
942 1106 1041 1156 alius
1071 1118 1119 1156 ab
1149 1112 1225 1157 3110
1255 1120 1427 1158 vicissim
1457 1119 1747 1158 admonitiones

246 1187 469 1226 »eiusmodi
508 1186 682 1225 libenter
720 1184 987 1237 accipiat12).''
1045 1185 1188 1224 »Ultro
1230 1185 1435 1238 (denique)
1475 1199 1518 1225 ac
1554 1187 1746 1241 libenter,

247 1256 495 1295 »liberaliter
519 1256 639 1293 etiam
665 1255 705 1293 111
731 1248 989 1305 usumatque
1016 1255 1243 1293 alimoniam
1274 1268 1495 1307 pauperum
1520 1256 1747 1301 conserant,

247 1337 471 1364 »memores
486 1337 550 1370 ea,
567 1335 666 1375 quae
683 1323 850 1367 habent,
867 1335 947 1361 non
964 1336 1048 1362 esse
1064 1336 1132 1368 sua
1145 1354 1155 1368 ,
1181 1324 1250 1363 sed
1267 1323 1336 1362 Dei
1354 1325 1479 1363 solius
1494 1326 1651 1377 propria
1665 1325 1748 1378 13).”

523 1462 550 1515 §
581 1462 615 1501 3.
673 1461 807 1501 Mutua
840 1461 1033 1500 Sociorum
1062 1461 1112 1499 acl
1141 1461 1296 1500 invicem
1327 1461 1474 1500 relatio.

301 1618 317 1635 »
331 1599 543 1640 Vinculum
583 1601 784 1640 societatis
824 1600 1125 1639 Ecclesiasticae
1165 1601 1289 1652 adigit
1321 1613 1457 1640 omnes
1485 1602 1524 1639 in
1556 1600 1750 1645 Ecclesia,

249 1671 362 1709 »sinc
393 1671 474 1709 ulla
506 1671 779 1721 cuiuscunque
814 1671 1047 1722 exceptione
1079 1671 1128 1709 ad
1157 1678 1336 1709 mutuam
1367 1671 1534 1709 aliorum
1564 1683 1635 1722 pro
1665 1671 1750 1709 aliis

251 1740 590 1778 »sollicitudinem
620 1753 664 1778 30
701 1752 858 1784 curam,
889 1753 1006 1792 quam
1036 1740 1150 1778 nobis
1181 1753 1317 1778 omnes
1347 1741 1533 1784 invicem,
1565 1747 1752 1792 tanquam

253 1810 400 1847 »unius
440 1809 616 1860 corporis
651 1809 851 1852 membra,
891 1808 1119 1861 debemus„
1140 1808 1295 1846 etiamsi
1325 1808 1399 1846 alia
1430 1808 1516 1846 aliis
1546 1808 1652 1847 inter
1681 1821 1752 1848 nos

252 1879 399 1930 »longe
437 1878 727 1930 praestantiora
765 1890 850 1916 esse
880 1890 960 1916 non
989 1877 1218 1916 dubitemus
1238 1864 1326 1926 ¹).''¹
1362 1876 1510 1916 Eadem
1540 1879 1664 1930 igitur
1692 1891 1752 1917 re-

250 1948 347 1986 latio
373 1948 478 1986 inter
502 1945 700 1984 Ecclesiae
727 1944 973 1984 Christianae
998 1946 1123 1983 soeios
1153 1946 1402 1985 intercedere
1432 1946 1572 1991 debet,
1597 1947 1753 1998 qualem

253 2017 418 2069 genuini
443 2028 488 2054 ac
511 2015 613 2054 bene
637 2015 781 2054 morati
806 2015 950 2053 fratres
974 2016 1081 2053 inter
1096 2028 1136 2053 se
1154 2016 1323 2054 invicem
1339 2016 1469 2054 colere
1487 2023 1605 2067 atque
1623 2016 1752 2055 obser-

255 2099 347 2125 vare
374 2087 514 2124 solent.
565 2084 694 2130 Quid?
721 2085 827 2136 quod
853 2085 991 2123 intima
1017 2085 1186 2123 fratrum
1214 2086 1320 2124 inter
1344 2098 1428 2123 sese
1463 2086 1604 2124 relatio
1628 2087 1754 2126 laxior

257 2156 376 2195 etiam
398 2163 458 2194 est
481 2162 599 2206 atque
625 2154 796 2193 debilior
810 2184 819 2198 ,
844 2167 960 2204 quam
980 2161 1022 2192 ut
1039 2153 1150 2192 Lasci
1167 2154 1215 2192 de
1232 2153 1404 2193 Ecclesia
1421 2161 1594 2193 mentem
1611 2157 1660 2195 ad
1676 2157 1754 2208 ple-

256 2238 353 2264 num
365 2237 490 2276 usque
504 2223 727 2276 significare
740 2230 871 2275 posset
888 2230 1005 2275 atque
1023 2224 1256 2275 exprimere.
1273 2222 1466 2262 Nimirum
1479 2224 1556 2262 vim
1574 2226 1695 2276 ipsam
1712 2238 1755 2264 ac

258 2295 380 2333 robur
406 2293 702 2332 Ecclesiasticae
729 2293 930 2331 societatis
945 2305 1015 2344 pro
1032 2293 1164 2331 indole
1181 2305 1248 2330 sua
1266 2305 1309 2330 ac
1325 2299 1464 2330 natura
1483 2292 1523 2331 in
1539 2294 1756 2333 arctissima

315 2436 342 2477 3)
366 2437 479 2468 Forma
503 2446 541 2467 ac
563 2438 625 2466 rat.
649 2435 723 2466 min.
747 2435 845 2468 Lond.
868 2446 898 2477 p.
924 2435 997 2469 287.

315 2491 341 2531 9)
365 2490 413 2523 Ib.
438 2502 467 2533 p.
493 2491 566 2523 288.
591 2489 638 2521 ef.
666 2491 733 2522 cat.
757 2491 855 2522 Lond.
880 2491 953 2523 mai.
976 2502 1006 2532 p.
1032 2489 1083 2524 76.
1218 2491 1258 2532 10)
1287 2492 1352 2524 cat.
1377 2492 1466 2525 ΕΜΔ.
1490 2492 1562 2524 mai.
1586 2502 1636 2534 qu.
1661 2494 1714 2527 47.
1751 2481 1756 2485 ’

301 2546 342 2586 ll)
368 2547 481 2578 Forma
505 2556 543 2577 ac
565 2548 627 2577 rat.
652 2546 725 2576 min.
748 2545 846 2577 Lond.
869 2556 900 2587 p.
927 2546 977 2577 86.
1156 2546 1195 2586 l²)
1221 2547 1269 2579 Ib.
1293 2558 1322 2589 p.
1348 2548 1421 2580 288.

302 2600 342 2640 13)
367 2600 415 2631 Ib.
442 2611 472 2641 p.
497 2600 527 2631 9.
563 2600 654 2642 Quod
679 2599 716 2630 de
744 2600 895 2632 sociorum
922 2600 1031 2643 offi'cz'ls
1055 2600 1089 2631 in
1116 2601 1210 2632 Parte
1236 2602 1264 2634 I.
1293 2612 1354 2633 non
1378 2603 1512 2643 egimus,
1538 2603 1571 2633 in
1592 2603 1680 2633 Lasei
1705 2613 1758 2633 au·

262 2658 327 2687 tem
352 2653 577 2694 Ecclesiologia
604 2653 830 2694 disputavimus
858 2654 1006 2693 seorsim,
1043 2654 1159 2685 idcirco
1193 2656 1238 2686 ita
1265 2655 1440 2687 faciendum
1468 2656 1646 2696 videbatur,
1676 2658 1757 2698 quod

264 2712 328 2753 ipse
363 2709 380 2741 a
413 2710 510 2741 Lasco
544 2708 648 2740 dedita
680 2719 771 2750 opera
800 2709 836 2739 de
870 2709 911 2739 iis
939 2708 1025 2750 agit,
1057 2710 1087 2739 et
1114 2708 1221 2740 ordine
1257 2710 1413 2741 sociorum
1441 2721 1561 2752 quoque
1588 2711 1759 2742 officia-re-

265 2766 387 2798 censuit
421 2767 512 2806 atque
545 2763 756 2802 enumeravit,
793 2763 944 2795 Calvinus
978 2775 994 2795 0
1021 2765 1174 2795 contrario
1202 2775 1237 2796 03
1264 2766 1476 2807 praetermisit
1505 2766 1643 2797 silentio.
1690 2765 1759 2806 Quo

264 2821 333 2852 iure
366 2830 458 2863 porro
489 2818 646 2851 Ecclesiae
681 2818 893 2850 characterum
920 2830 936 2850 e
963 2822 1067 2851 mente
1093 2820 1183 2851 Lasci
1216 2822 1250 2852 in
1282 2822 1443 2853 sociemus
1468 2822 1593 2853 notione
1621 2822 1758 2864 positum

265 2887 330 2908 esse
354 2886 448 2918 snpra
471 2874 653 2912 dixerimus,
676 2873 752 2905 haec
775 2884 896 2915 quoque
920 2874 1045 2915 egregie
1067 2873 1235 2907 illustrant.

321 2932 346 2972 ¹)
370 2932 481 2964 Forma
504 2941 542 2963 ac
564 2933 626 2964 ναί,
650 2931 723 2963 min.
748 2930 845 2962 Lond.
870 2941 898 2972 p.
924 2930 998 2963 275.
1112 2925 1116 2928 ’
1215 2927 1217 2929 ’
