1879 3239
884 82 906 119 5

143 220 284 262 mediis
328 229 398 270 pro
436 217 615 255 locorum
654 220 694 254 et
734 214 974 254 conditionis
1014 214 1206 254 varietate
1246 212 1437 250 iudicium
1477 211 1645 263 singulis

143 289 327 329 Ecclesiis
361 286 579 338 permittit,
619 291 817 335 quatenus
856 284 897 322 in
938 296 1046 322 sacra
1086 282 1281 333 scriptura
1321 279 1421 318 nihil
1452 279 1646 318 descitum

143 360 192 399 de
221 359 269 397 iis
299 356 528 395 inveniatur
545 355 601 407 ¹⁷).

198 427 261 466 Sic
300 427 383 465 sere
428 425 582 463 censuit
612 422 798 462 Calvinus
829 422 896 461 ubi
927 428 1090 474 rogatus
1121 419 1342 459 theoretice
1374 418 1423 456 ad
1453 418 1649 469 quaestio-

143 511 233 536 nem
292 495 532 548 propositam
590 492 814 544 respondit;
874 493 949 530 iam
1004 503 1174 542 sequens
1219 489 1359 527 doceat
1403 487 1649 537 disquisitio.

144 578 260 617 quam
298 577 414 616 saepe
454 565 504 602 sit
543 576 562 601 a
601 568 708 600 recta
746 562 807 599 via
844 561 1066 612 digressus,
1105 560 1169 598 vel
1199 558 1330 610 potius
1360 556 1540 595 nondum
1570 567 1650 593 sco-

145 648 235 688 pum
262 634 381 672 scrire
421 633 457 671 ci
492 632 671 675 licuerit,
703 630 768 668 ubi
806 630 889 682 ipse
921 641 1067 668 novum
1097 627 1296 667 Ecclesiae
1328 625 1554 666 aedificium
1584 636 1649 662 ex-

144 704 381 743 struendum
411 703 451 741 in
481 714 520 741 se
551 706 790 752 susceperat.

743 993 966 1043 CAPUT
1011 994 1048 1040 J.

477 1133 524 1160 DE
554 1131 764 1160 ECCLESIAE
795 1130 953 1158 ORIGINE
983 1130 1109 1162 ATQUE
1138 1128 1329 1156 HISTORIA.

585 1383 612 1436 ς
643 1384 676 1421 1.
734 1382 789 1421 Dc
818 1380 1012 1420 Ecclesiae
1041 1384 1203 1420 auctore.

200 1524 255 1564 De
287 1523 485 1563 Ecclesiae
512 1529 695 1566 auctore,
725 1534 921 1573 quaenam
947 1520 1100 1559 Calvini
1126 1520 1248 1559 suerit
1274 1519 1494 1562 sententia,
1539 1529 1656 1556 nemo

147 1595 260 1647 facile
302 1606 444 1644 anceps
482 1592 686 1636 haerebit,
727 1592 965 1642 simulatque
1003 1590 1052 1628 ob
1083 1590 1217 1628 oculos
1249 1590 1322 1628 sibi
1354 1589 1481 1641 posita
1509 1587 1657 1626 habeat

149 1663 270 1701 verba
311 1662 474 1700 haecce:
534 1660 739 1699 »Ecclesia
780 1673 861 1698 non
901 1673 949 1698 cx
988 1659 1195 1698 hominum
1227 1659 1423 1698 industria
1454 1657 1656 1709 provenit,

147 1732 244 1770 »sed
286 1745 304 1769 a
347 1732 427 1769 sola
462 1729 532 1768 Dei
573 1730 699 1781 gratia
739 1728 910 1767 manavit
928 1728 999 1782 1),,”
1040 1742 1130 1767 nam
1189 1729 1324 1767 »solus
1360 1727 1465 1765 Deus
1495 1726 1652 1779 proprie

147 1807 256 1843 »est‚
287 1800 354 1851 qui
381 1798 595 1837 Ecclesiam
623 1811 733 1836 suam
756 1798 938 1836 aedificat
952 1797 1023 1849 2),”
1074 1798 1223 1848 »inque
1250 1796 1426 1835 Ecclesia
1452 1796 1653 1848 gignenda

146 1869 374 1907 »insolitam
420 1880 529 1906 suam
574 1868 765 1905 virtutem
807 1867 953 1905 exserit
971 1867 1020 1916 ³),
1066 1867 1163 1917 quin
1203 1866 1282 1904 imo
1339 1851 1491 1904 »vitam
1531 1865 1655 1903 trahit

146 1936 349 1976 »Ecclesia
394 1949 441 1975 ex
486 1949 629 1975 arcano
673 1935 768 1975 Eius
813 1936 1063 1987 beneplacito
1081 1935 1145 1987 4).'’
1182 1935 1539 1987 .Quandoquidem
1571 1935 1652 1973 scil.

147 2007 329 2046 »ruditas
369 2014 504 2045 nostra
543 2013 662 2057 atque
703 2006 894 2058 segnities
925 2006 1104 2044 externis
1135 2005 1323 2044 subsidiis
1353 2005 1529 2057 indiget,
1569 2005 1653 2057 qui-

148 2077 250 2115 »bus
290 2076 389 2115 fides
428 2077 469 2114 in
508 2076 624 2130 nobis
664 2082 703 2114 et
744 2076 933 2128 gignatur
963 2082 1003 2114 et
1035 2082 1242 2127 augescat,
1283 2088 1327 2114 ea
1358 2087 1517 2127 quoque
1549 2074 1653 2113 Deus

148 2145 350 2190 »addidit,
382 2158 459 2197 quo
491 2145 716 2184 infirmitati
748 2152 907 2184 nostrae
939 2146 1167 2184 consuleret
1184 2146 1212 2198 ⁵)
1242 2151 1282 2183 et
1336 2144 1549 2183 »formavit
1579 2143 1653 2183 sibi

148 2213 483 2267 »Ecclesia1n⁸)‚'’
536 2228 636 2266 quae
685 2215 829 2252 merito
866 2214 1013 2253 idcirco
1071 2231 1086 2248 »
1105 2213 1172 2252 Dei
1202 2213 1495 2266 instituti07),’'
1553 2213 1653 2252 »Dei

149 2301 163 2318 »
178 2282 351 2322 Ecclesia
369 2284 430 2337 ³)”
471 2284 519 2322 ab
559 2296 606 2322 eo
645 2290 911 2335 nuncupatur.
970 2282 1145 2322 Ecclesia
1186 2283 1257 2321 Dei
1302 2295 1448 2321 nomen
1482 2295 1576 2335 prae
1613 2295 1653 2321 se

189 2479 228 2520 17)
253 2480 344 2522 Resp.
368 2480 412 2511 ad
434 2480 544 2522 versis).
569 2480 687 2523 qzcemd.
713 2479 800 2512 Tom.
825 2479 918 2511 VIII.
943 2490 972 2521 p.
997 2479 1069 2512 308.
1094 2480 1174 2510 [ηπ.
1200 2478 1254 2510 IV.
1281 2479 1332 2510 10.
1358 2479 1410 2510 30.

204 2534 229 2574 ¹)
257 2534 368 2565 Comm.
393 2534 437 2565 ad
462 2535 537 2566 Gen.
562 2544 587 2566 c,
612 2534 707 2565 XXV.
734 2534 785 2565 19.

202 2589 227 2629 2)
256 2591 367 2621 Comm.
391 2589 425 2619 in
448 2588 546 2621 Exod.
572 2598 596 2620 e.
621 2588 717 2620 XXV.
743 2588 772 2620 2.
798 2587 836 2618 cs.
865 2588 974 2620 Comm.
1000 2589 1045 2620 ad
1065 2589 1161 2620 Hebr.
1186 2588 1249 2620 III.
1275 2588 1303 2620 3.
1330 2589 1361 2619 et
1381 2588 1419 2619 ad
1440 2589 1460 2619 J.
1480 2589 1535 2622 Pe.
1562 2589 1650 2621 ILG.

203 2644 228 2683 3)
257 2644 367 2675 Comm.
392 2643 436 2674 ad
457 2643 557 2675 Exod.
583 2653 607 2675 e.
632 2643 706 2674 XII.
733 2642 785 2676 37,
921 2643 945 2683 4)
971 2645 1078 2675 Prael.
1103 2644 1137 2674 in
1160 2644 1270 2675 Erech.
1295 2653 1320 2674 e.
1347 2643 1430 2675 XVI.
1457 2644 1486 2675 6.

203 2699 227 2738 5)
255 2699 334 2729 Just.
359 2698 414 2730 IV.
441 2698 468 2729 1.
495 2698 524 2728 3.
659 2699 683 2738 G)
711 2699 818 2730 Prael.
842 2698 874 2729 2⁵22
899 2698 1010 2730 Ierem.
1035 2708 1060 2729 e.
1085 2698 1158 2729 VII.
1185 2698 1236 2730 252.

202 2753 228 2794 7)
252 2755 333 2785 Just.
358 2753 413 2784 IV.
439 2753 468 2784 I.
498 2752 549 2783 10.

187 2808 213 2848 ⁸)
240 2809 330 2840 Hom.
361 2809 394 2839 in
426 2808 443 2838 1
469 2807 569 2843 Sam„
598 2807 688 2839 Hom.
719 2807 784 2839 CV.
808 2808 894 2838 Tom.
925 2807 970 2839 II.
995 2819 1024 2850 p.
1050 2807 1152 2847 4701),
1181 2807 1271 2839 Hom.
1303 2807 1408 2846 CVII,
1436 2807 1478 2840 ib.
1501 2819 1531 2850 p.
1557 2808 1653 2846 477·«;

155 2865 265 2895 Comm.
290 2864 323 2894 in
351 2863 426 2894 Gen.
458 2872 483 2893 e.
509 2861 627 2893 XLIII.
654 2862 704 2894 32.
747 2863 826 2894 Vera
853 2864 937 2895 Eccl.
962 2863 1021 2905 ref.
1046 2865 1106 2895 rat.
1133 2862 1221 2894 Tem.
1246 2862 1338 2895 VIII.
1367 2874 1397 2905 p.
1423 2863 1514 2898 279b.
1543 2864 1652 2896 Comm.

150 2919 183 2950 in
207 2919 266 2960 Ep.
291 2917 335 2950 ad
356 2917 442 2949 Rom.
468 2916 523 2947 XI.
549 2916 577 2947 2.
603 2916 683 2949 Iasi.
707 2917 763 2948 IV.
790 2918 818 2948 1.
845 2916 896 2950 17.
