1879 3239
826 86 875 126 53

112 222 268 277 »ponit‚
305 222 398 273 quid
439 221 594 261 Christo
632 221 828 267 debeant,
868 223 935 261 sed
970 223 1030 261 ius
1069 229 1108 261 et
1144 222 1336 260 rationem
1375 222 1496 262 habet
1534 225 1589 263 id-

111 295 264 345 »ipsum
309 291 515 343 exigendi,
564 303 661 341 quos
700 291 761 328 vel
801 303 937 341 parum
976 290 1168 329 doctrinae
1202 289 1486 340 obsequentes,
1530 293 1591 330 vel

775 358 1020 410 Disciplimae
1051 367 1183 397 autem
1219 359 1446 397 commodae
1482 359 1592 397 insti-

703 358 722 371 ‚5

691 389 698 397 ο

110 380 126 398 ι)
139 361 339 413 segniores
369 360 647 398 animadvertit
660 359 687 411 ¹¹)

107 432 209 474 ,tutio
266 441 372 467 »non
404 436 558 467 tantum
588 428 692 466 valet
722 428 770 466 ad
802 429 1030 480 opinionum
1061 429 1333 467 diversitatem
1359 441 1592 479 componen-

109 501 247 543 »dam,
287 498 354 536 sed
385 499 503 536 etiam
534 498 581 536 ad
611 497 813 541 scandala,
850 499 945 536 vitia
976 506 1015 536 et
1045 499 1139 537 alias
1168 510 1321 536 morum
1351 498 1594 549 corruptelas

109 568 408 620 »reprimendas
424 566 509 619 ⁵);''
541 573 600 605 est
630 567 735 605 enim
792 584 806 600 »
822 568 930 605 velut
960 574 1122 618 paterna
1148 568 1294 612 serula,
1325 580 1400 618 qua
1425 568 1593 606 clemen-

108 645 199 677 »ter
240 644 279 676 et
327 649 396 688 pro
446 634 615 687 Spiritus
663 635 809 674 Christi
857 637 1163 675 mansuetudine
1212 637 1477 688 castigentur,
1528 637 1594 687 qui

108 707 294 759 »gravius
318 706 414 757 lapsi
440 707 517 743 sint
529 705 598 757 6).”
644 704 692 742 Et
719 711 812 743 tunc
838 706 996 756 quidem
1020 706 1060 744 in
1083 706 1277 757 triplicem
1303 705 1423 744 finem
1448 705 1593 744 EccleS.

107 777 311 828 disciplina
351 775 490 813 tendit.
549 774 730 813 »Primus
768 781 848 818 est,
891 788 939 813 ne
980 788 1067 814 cum
1113 775 1181 814 Dei
1220 776 1459 814 contumelia
1489 776 1596 813 inter

108 845 380 884 »Christianos
406 844 682 888 nominentur,
708 845 775 894 qui
798 851 952 896 turpem
979 857 1023 883 ae
1050 844 1286 896 flagitiosam
1309 845 1429 883 vitam
1452 850 1596 896 agunt,

108 928 180 954 »ac
216 915 247 953 si
284 921 416 952 sancta
456 914 540 952 eius
579 912 752 952 Ecclesia
783 913 885 951 foret
916 913 1202 964 improborum,
1242 920 1282 951 et
1313 915 1596 952 sceleratorum

109 984 344 1022 »hominum
373 982 596 1034 conjuratio
612 981 681 1034 ⁷).⁷'
739 981 880 1020 »Alter
909 981 998 1019 finis
1028 989 1108 1026 est,
1138 994 1187 1020 ne
1218 982 1374 1021 assidua
1403 983 1596 1020 malorum

109 1070 124 1087 »
139 1052 446 1096 consuetudine,
477 1058 520 1089 ut
550 1050 635 1089 fieri
666 1051 787 1094 solet,
818 1050 910 1098 honi
942 1050 1330 1103 corrumpantur7).'⁷
1390 1068 1404 1084 »
1420 1051 1596 1096 Tertius,

109 1129 183 1161 »ut
221 1135 288 1161 eos
326 1123 430 1172 ipsos
459 1120 608 1171 pudore
639 1119 821 1157 confusos
852 1131 945 1157 suae
976 1119 1236 1170 turpitudinis
1266 1120 1471 1171 poenitere
1502 1120 1597 1158 inci-

109 1192 218 1242 »piat
234 1190 305 1242 ⁷).'⁷
333 1213 384 1218 —
413 1188 538 1227 Huius
569 1195 700 1226 autem
731 1188 959 1239 disciplinae
981 1189 1247 1227 ministerium
1276 1202 1357 1228 non
1383 1190 1599 1241 unicuique

106 1259 370 1311 permittitur,
409 1258 478 1296 sed
514 1258 745 1296 mandatum
781 1263 840 1295 est
876 1258 1044 1309 collegio
1102 1258 1179 1296 »(16
1219 1271 1316 1310 gens
1352 1259 1521 1310 deputez
1556 1271 1597 1297 56

88 1329 289 1372 »donner
328 1328 469 1379 garde,
509 1333 707 1366 comment
745 1340 799 1365 un
835 1326 986 1365 chacun
1025 1327 1079 1365 du
1116 1334 1310 1378 troupeau
1339 1341 1379 1367 se
1411 1329 1596 1373 conduit‚

106 1397 213 1437 »afin
244 1398 292 1436 de
323 1397 526 1436 redresser
555 1409 674 1441 ceux,
705 1397 770 1447 qui
801 1397 975 1435 seroient
1005 1408 1055 1434 en
1086 1397 1188 1434 train
1219 1396 1268 1434 (16
1294 1409 1334 1435 56
1360 1397 1596 1450 sourvoyer,

107 1480 235 1519 »pour
274 1467 451 1519 corriget*
489 1467 545 1505 les
585 1467 840 1517 delinquans,
889 1466 1140 1504 admonester
1179 1478 1278 1504 ceux
1317 1467 1384 1518 qui
1423 1468 1596 1507 seroient

107 1536 217 1576 »inaI
262 1536 438 1580 advisez,
492 1542 531 1573 et
574 1548 643 1586 par
686 1548 730 1573 cc
772 1535 903 1573 moien
949 1535 1132 1586 prevenir
1175 1541 1264 1574 tous
1307 1536 1508 1574 scaudales
1524 1537 1593 1588 8).''

109 1605 246 1644 »Ceux
284 1605 351 1655 qui
390 1610 478 1643 sont
518 1604 675 1656 appelez
705 1606 725 1642 a
758 1605 869 1643 telles
898 1604 1063 1655 charges
1092 1604 1283 1644 doibvent
1313 1605 1361 1644 de
1392 1606 1478 1644 leur
1508 1607 1594 1645 cote

109 1687 176 1713 »56
208 1682 342 1726 porter
372 1675 403 1712 si
432 1674 751 1719 humainement,
781 1680 821 1712 et
847 1687 939 1712 avec
965 1674 1057 1712 telle
1073 1675 1343 1719 moderation,
1374 1687 1450 1726 que
1476 1676 1594 1714 soubs

103 1743 266 1782 »ombre
298 1744 346 1782 dc
377 1756 543 1782 censure
573 1744 641 1781 nul
672 1756 721 1782 ne
752 1744 828 1782 soit
858 1743 1017 1782 diffame
1048 1757 1098 1782 ou
1129 1744 1248 1796 greve
1278 1758 1347 1796 par
1376 1746 1590 1790 calomnie,

101 1812 236 1850 »saulx
266 1820 446 1864 rapports
477 1819 516 1850 et
551 1825 744 1863 soupeons
760 1812 825 1864 ⁹).'
884 1811 922 1851 Si
954 1826 1071 1864 porro
1101 1814 1149 1852 de
1180 1814 1333 1852 ratione
1358 1815 1590 1866 quaeritur,

99 1893 174 1932 qua
205 1882 255 1919 sit
284 1880 555 1919 Ecclesiastica
586 1881 791 1932 disciplina
817 1881 1147 1925 administranda,
1187 1889 1278 1921 ante
1309 1883 1438 1921 omnia
1495 1896 1589 1936 »po-

97 1950 256 1989 »nenda
287 1956 346 1988 est
375 1949 448 1988 ista
479 1949 639 1988 divisio:
684 1948 848 1988 Peccata
878 1963 961 1988 6556
994 1951 1067 1989 alia
1103 1950 1273 2001 privata,
1312 1952 1387 1990 alia
1414 1952 1588 2003 publica,

99 2020 190 2058 »vel
238 2019 364 2071 palam
407 2018 715 2070 inanisesta¹⁰).’'
785 2018 829 2057 In
869 2019 1035 2070 publicis
1073 2027 1206 2058 autem
1245 2020 1450 2060 observata
1490 2022 1588 2061 haec

99 2089 251 2127 »altera
287 2100 441 2139 quoque
473 2089 523 2126 sit
553 2088 776 2126 distinctio:
816 2101 864 2127 ex
895 2090 1064 2140 peccatis
1095 2090 1168 2127 alia
1200 2102 1284 2128 esse
1314 2090 1473 2136 delicta,
1512 2093 1586 2131 alia

99 2159 273 2196 »scelera
312 2158 394 2195 sive
424 2156 670 2209 slaqitia¹¹).''
728 2156 810 2202 Qua
841 2158 987 2209 duplici
1018 2158 1273 2197 distinctione
1302 2161 1449 2211 posita,
1488 2160 1585 2201 haec

96 2227 171 2265 erit
200 2227 374 2280 legitima
406 2225 548 2277 agendi
578 2226 700 2269 ratio,
732 2232 774 2264 ut
832 2243 846 2258 »
861 2227 900 2264 in
931 2227 1084 2266 occultis
1112 2228 1358 2280 corrigendis
1380 2230 1585 2281 pogredia-

98 2309 214 2334 »mur
244 2295 460 2334 secundum
492 2295 637 2347 gradus
667 2308 687 2333 a
714 2295 870 2334 Christo
896 2297 1043 2347 positos
1062 2297 1141 2350 12).”
1172 2296 1210 2336 Si
1237 2299 1324 2349 quis
1349 2312 1446 2351 ergo
1487 2317 1501 2333 »
1516 2300 1582 2338 ali-

98 2365 221 2415 »quid
252 2365 454 2404 admiserit
483 2365 793 2417 reprehensione
833 2366 1019 2416 dignum,
1058 2368 1232 2418 patiatur
1261 2380 1300 2406 56
1330 2370 1504 2413 moneri;
1544 2376 1583 2408 et

99 2436 293 2486 »quisque
331 2435 494 2474 fratrem
533 2448 667 2480 suum,
703 2435 798 2475 dum
836 2448 899 2474 res
934 2437 1172 2488 portulabit,
1211 2450 1372 2477 monere
1403 2438 1580 2484 studeat3

147 2654 171 2694 ⁴)
197 2655 275 2685 Inst-
300 2653 354 2686 IV.
381 2655 430 2686 12.
457 2655 485 2686 2.
510 2656 547 2688 ef.
571 2656 626 2698 Ep.
653 2657 739 2689 Calv.
764 2657 850 2689 Tom.
874 2656 948 2689 IXb.
972 2669 1001 2700 p.
1029 2658 1116 2689 160³.

145 2709 170 2748 ⁵)
196 2709 252 2750 ἢ).
279 2709 362 2741 Calv.
387 2709 472 2741 Tom.
497 2709 570 2743 be.
596 2712 684 2746 147³.
799 2713 823 2752 5)
849 2714 927 2744 Inst.
950 2713 1006 2745 IV.
1032 2714 1082 2746 12.
1108 2715 1137 2745 1.
1251 2714 1275 2754 7)
1300 2715 1378 2747 Inst.
1402 2714 1457 2746 IV.
1480 2715 1532 2747 12.
1550 2716 1579 2747 5.

144 2762 170 2803 3)
196 2765 320 2795 Lettres
333 2764 446 2806 franf.
471 2765 516 2796 cd.
541 2775 683 2799 BONNET.
709 2767 752 2799 Il.
778 2768 828 2799 68.

93 2819 95 2821 ’
146 2817 170 2857 9)
194 2818 316 2850 Lettres
329 2819 441 2861 franc.
463 2819 511 2851 ed.
530 2829 663 2852 ΒΟΝΝΕΤ
679 2821 723 2854 ΙΙ.
750 2823 823 2854 313.
847 2823 884 2854 cf.
909 2825 988 2856 Inst.
1013 2824 1067 2858 IV.
1094 2825 1145 2857 12,
1170 2824 1225 2863 11,
1253 2825 1309 2863 12,
1336 2826 1386 2858 13.
1411 2826 1442 2856 et
1469 2827 1578 2858 Comm.

90 2873 123 2904 ’λη
147 2872 166 2903 2
193 2874 245 2905 Co.
271 2873 300 2904 2.
325 2874 353 2904 6.

129 2927 169 2967 ¹⁰)
196 2929 274 2960 Inst.
298 2927 353 2959 IV.
379 2928 429 2960 12.
455 2930 485 2961 3.
621 2930 660 2971 ¹¹)
686 2933 764 2964 Just.
789 2932 843 2964 IV.
870 2933 919 2965 12,
945 2934 975 2966 4.
1111 2934 1150 2973 ¹2)
1176 2934 1254 2966 [nst.
1278 2934 1332 2967 IV.
1359 2935 1409 2969 12.
1434 2936 1464 2968 3.
