1849 3239
901 54 978 93 104

191 209 206 227 »
221 193 443 244 primaevae
477 189 674 229 Ecclesiae
705 188 952 240 Apostolicae
983 188 1196 239 puritatem
1227 199 1342 238 quam
1374 187 1552 239 proxime.
1577 200 1684 227 acce·

191 259 487 312 ‚›deremus2).”
543 259 586 297 ln
622 259 669 297 iis
703 271 775 301 sc.‚
810 270 910 309 quae
942 256 1153 296 Ecclesiam
1186 264 1386 309 spectant.
1417 258 1472 296 sic
1503 258 1633 296 omnia
1664 271 1685 295 a

191 330 338 369 Christi
373 328 609 367 auctoritate
640 327 837 379 pendent,
873 332 917 364 ut
974 325 1102 364 »nihil
1132 326 1181 365 sit
1212 326 1431 381 agendum,
1470 326 1575 378 quod
1605 338 1685 364 non

191 398 423 438 »Christum
461 396 671 436 Dominum
713 402 914 434 auctorem
951 407 1065 433 suum
1105 395 1145 433 in
1185 395 1307 433 verbo
1338 407 1408 433 suo
1438 394 1685 447 habeat3);''
1721 414 1725 418 ·

191 480 283 506 nam
333 483 348 500 »
367 473 480 505 extra
520 465 720 503 Christum
761 463 971 502 Dominum
1001 464 1286 515 doctrinaeque
1316 464 1401 503 eius
1428 465 1557 503 lucem
1586 464 1688 504 nihil

192 548 263 574 »se
295 536 455 574 omnino
485 532 606 585 (quod
637 531 685 570 ad
715 531 850 570 divina
881 531 1039 584 attinet)
1069 532 1205 570 videre
1235 532 1317 570 ullo
1346 532 1463 571 modo
1489 545 1600 584 posse
1623 546 1688 585 ag-

191 604 349 643 »noscit
365 602 428 655 ¹¹)’'.
493 600 588 638 Esse
633 611 791 651 quoque
836 599 960 651 igitur
1017 612 1095 638 »ex
1139 599 1260 638 verbo
1305 598 1374 638 Dei
1418 599 1459 638 in
1503 599 1688 640 Ecclesiis

192 673 444 724 »legitimum
482 669 749 708 ministerium
784 668 1076 707 instituendum
1094 667 1173 720 ⁵),'⁷
1205 668 1303 707 adeo
1333 675 1378 707 ut
1434 668 1563 708 »nihil
1592 671 1689 709 reci-

191 760 206 778 n
221 743 373 794 piatur,
413 739 524 778 cuius
564 738 696 776 sontes
731 737 771 775 in
809 736 932 776 verbo
968 736 1037 776 Dei
1068 738 1371 776 commonstrari
1401 745 1602 789 nequeant
1617 739 1687 792 ⁶).⁷⁷

190 811 427 851 Continetur
463 808 562 847 illud
620 807 688 845 »in
729 807 779 845 de
818 806 1009 858 heylighe
1049 806 1253 846 Bibelsche
1294 806 1464 852 Schrist,
1501 808 1537 847 d.
1567 808 1590 846 i.
1620 808 1690 847 het

190 880 323 919 »oude
365 892 415 918 en
450 877 520 916 het
560 877 720 916 nieuwe
752 875 1004 921 Testament,
1040 876 1135 915 daer
1166 889 1236 915 ons
1265 876 1463 915 sekerliek
1492 877 1541 915 de
1572 877 1690 916 onbe-

190 947 510 1000 »drieghelycke
555 945 765 998 waerheyt
808 952 864 984 wt
908 945 987 984 den
1025 946 1170 987 monde
1211 944 1314 984 Gods
1352 946 1691 998 voerghehouden

189 1035 205 1052 n
220 1018 350 1056 werdt
364 1016 434 1065 ⁷).'’
492 1015 679 1062 Quamvis
710 1021 844 1054 autem
870 1014 1037 1054 verbum
1063 1015 1133 1054 Dei
1160 1022 1241 1054 tam
1266 1027 1391 1060 novo,
1421 1029 1538 1067 quam
1563 1016 1691 1055 veteri

226 1143 362 1185 Reliqua
379 1143 447 1175 eius
464 1142 614 1185 opuscula
631 1145 685 1174 aut
704 1143 843 1174 nondum
858 1143 997 1185 reperire
1013 1142 1103 1174 nobis
1120 1143 1268 1185 contigit,
1285 1145 1339 1176 aut
1353 1143 1434 1175 nihil
1450 1142 1577 1175 omnino
1597 1143 1695 1175 conti·

187 1198 319 1237 nebant,
345 1198 427 1240 quod
443 1198 476 1229 in
496 1208 585 1228 usum
602 1198 746 1228 nostrum
762 1199 942 1229 convertere
957 1197 1129 1239 potuimus.
1175 1199 1338 1240 Nusquam
1356 1201 1514 1241 praeterea
1529 1199 1568 1240 in
1579 1199 1694 1242 disqui-

191 1252 305 1285 sitione
335 1254 444 1284 nostra
472 1251 665 1283 mentionem
692 1251 824 1282 fecimus
854 1251 896 1283 'de
928 1261 956 1284 Ρ.
980 1261 1135 1284 BARTELS.
1162 1254 1194 1285 J.
1219 1253 1238 1285 ὰ
1261 1255 1369 1287 Lasco.
1402 1253 1562 1285 Elberseld
1593 1254 1695 1293 1860,

185 1309 259 1352 quia
281 1308 372 1340 Lasci
393 1307 671 1348 Ecclesiologiam,
697 1318 759 1339 non
782 1309 888 1340 autem
910 1308 979 1339 eius
998 1307 1165 1339 historiam
1185 1310 1371 1348 tractamus,
1396 1311 1428 1340 et
1451 1309 1485 1340 in
1501 1308 1692 1351 Biographia

187 1363 294 1402 Lasci,
320 1373 412 1406 quam
433 1362 569 1394 ‘editioni
594 1373 723 1404 operum
750 1362 853 1404 ipsius
882 1362 1116 1403 adiungemus,’
1134 1363 1210 1405 quid
1237 1363 1274 1394 de
1304 1375 1338 1395 ea
1363 1364 1580 1395 lucubratione
1604 1362 1694 1394 nobis

184 1418 349 1457 videatur,
373 1419 483 1460 sponte
507 1417 632 1448 dicendi
655 1416 742 1448 locus
765 1416 900 1449 dabitur.
938 1417 999 1455 Vel
1021 1417 1065 1448 sic
1088 1419 1194 1449 tamen
1217 1419 1271 1450 vix
1293 1429 1343 1449 me
1365 1419 1524 1450 continere
1548 1428 1690 1460 possum,

184 1475 262 1518 quin
285 1472 380 1505 verbo
404 1472 516 1503 saltem
540 1471 607 1503 eius
631 1472 742 1513 agendi
775 1472 928 1503 rationem
956 1472 1177 1514 perstringam.
1224 1474 1361 1515 Operum
1392 1473 1483 1505 Lasci
1507 1472 1691 1514 Catalogum

184 1529 275 1561 edere
299 1539 331 1560 se
353 1537 444 1569 posse
467 1528 562 1567 negat
587 1527 619 1558 et
641 1526 708 1568 ipse
732 1527 849 1559 fatetur
871 1527 1110 1568 praecipuorum
1132 1527 1221 1559 Lasci
1245 1527 1466 1569 opusculorum
1490 1528 1611 1570 copiam
1634 1527 1694 1559 sibi

183 1584 287 1615 datam
311 1593 373 1614 non
398 1592 473 1613 esse.
521 1580 581 1612 Cui
606 1592 719 1623 quaeso
742 1592 880 1624 unquam
901 1583 935 1613 in
958 1584 1096 1613 mentem
1119 1582 1225 1613 veniet
1254 1582 1291 1613 de
1314 1582 1415 1614 Paulo
1445 1581 1597 1622 seribere,
1628 1582 1692 1614 nisi

182 1637 359 1680 Epistolam
383 1636 422 1668 ad
446 1636 601 1667 Romanos
623 1636 890 1678 perlectitaveris,
915 1636 950 1668 in
975 1635 1100 1668 Calvini
1121 1637 1187 1668 vita
1208 1637 1406 1669 describenda
1422 1647 1548 1680 operam
1563 1648 1692 1676 navare,

181 1693 234 1735 qui
264 1692 344 1724 Inst.
371 1691 439 1723 Rel.
464 1691 538 1723 Chr.
563 1700 736 1733 numquam
757 1691 895 1723 triveris.
942 1692 984 1723 Et
1002 1693 1109 1723 tamen
1131 1691 1254 1723 Bartels
1276 1691 1366 1723 Lasci
1390 1691 1606 1733 biographiam
1630 1702 1693 1722 sus·

181 1748 283 1790 cepit,
314 1746 374 1778 etsi
420 1746 561 1784 „Forma
599 1756 633 1776 ac
670 1746 750 1778 ratio
778 1746 898 1778 minist.
928 1745 1049 1777 Lond.''
1080 1746 1109 1777 ei
1137 1748 1260 1788 praesto
1287 1757 1349 1778 non
1381 1746 1452 1778 fuit.
1498 1747 1541 1778 At
1564 1747 1631 1788 ipse
1658 1747 1693 1778 in

181 1802 373 1845 praefatione
398 1801 526 1833 lectoris
548 1802 800 1833 benevolentiam
827 1801 964 1843 captavi,
988 1801 1074 1832 ultro
1091 1802 1225 1843 ingenue
1242 1802 1407 1839 confitens,
1432 1804 1548 1843 quanta
1565 1803 1598 1833 in
1617 1802 1691 1833 scri-

186 1856 294 1898 ptione
325 1867 394 1888 mea
424 1856 544 1895 desint,
577 1867 670 1898 quam
694 1867 805 1899 parum
828 1867 926 1887 essem
950 1855 1106 1887 scribendi
1121 1855 1333 1887 'adminiculis
1357 1857 1549 1895 instructus,
1575 1856 1629 1888 sed
1656 1859 1691 1888 ut

186 1911 370 1950 scriberem,
403 1914 592 1954 rogaverunt
622 1912 732 1951 amici,
764 1914 795 1943 et
825 1914 955 1953 rogatus
984 1921 1127 1943 recusare
1150 1922 1211 1943 non
1242 1912 1350 1953 potui!
1398 1912 1573 1953 Egregium
1602 1922 1690 1952 sane,

185 1966 413 1998 humanissime
448 1967 515 1998 vir!
552 1966 750 1999 humilitatis
782 1968 854 1997 tuae
883 1965 1012 1997 edidisti
1042 1965 1276 2005 testimonium,
1311 1966 1406 1997 citius
1436 1968 1562 2006 tamen,
1599 1977 1692 2009 quam

186 2033 242 2065 par
266 2022 389 2061 suisset,
410 2021 529 2054 oblitus
545 2032 577 2053 es
593 2022 681 2054 aurei
696 2021 863 2053 Horatiani
879 2021 1052 2063 praecepti:
1081 2042 1095 2058 n
1106 2021 1233 2052 Vcrsate
1249 2021 1320 2060 diu,
1337 2021 1411 2063 quid
1427 2021 1509 2052 serre
1525 2022 1690 2060 recusent,

192 2077 294 2120 „quid
317 2077 443 2108 valeant
467 2076 626 2108 humeris>
669 2077 740 2108 Non
765 2076 838 2115 alii,
862 2076 916 2107 sed
937 2076 1003 2117 ipse
1028 2077 1151 2112 auctor,
1176 2075 1349 2106 diiudicare
1366 2075 1455 2107 debet
1473 2075 1548 2117 quid
1572 2075 1692 2115 valeat,

187 2135 218 2164 et
243 2132 356 2175 quibus
380 2132 601 2163 instrumentis
617 2132 652 2163 in
670 2131 832 2162 scribendo
857 2140 961 2162 carere
985 2139 1111 2171 prorsus
1126 2130 1275 2171 nequeat,
1292 2129 1352 2160 nisi
1368 2139 1520 2171 quaenam
1537 2130 1603 2162 sint
1622 2142 1691 2163 auc-

186 2187 266 2219 toris
288 2189 408 2229 partes,
432 2187 522 2218 nullo
547 2187 639 2219 modo
663 2197 769 2229 capere
795 2197 826 2217 se
846 2185 1006 2228 propalam
1025 2185 1164 2228 profiteri
1188 2184 1274 2217 velit.
1322 2186 1380 2217 Sed
1403 2185 1478 2217 haec
1497 2186 1529 2217 in
1550 2187 1697 2222 transitu.

227 2242 253 2283 2)
280 2243 393 2275 Forma
409 2253 446 2275 ac
468 2243 552 2275 ratio
569 2243 641 2274 min.
659 2242 757 2274 Lond.
774 2252 804 2283 p.
824 2242 897 2273 648.
929 2240 976 2272 Cf.
993 2240 1035 2272 ib.
1054 2240 1134 2279 121,
1153 2240 1231 2279 141,
1249 2241 1330 2278 156,
1349 2241 1428 2277 566;
1447 2241 1552 2282 Sappl.
1569 2242 1614 2273 ad
1627 2253 1690 2284 req.

191 2298 275 2330 Dan.
302 2298 421 2339 (Simpl.
437 2307 482 2328 -ac
496 2297 558 2339 fid.
583 2308 668 2329 narr.
694 2307 724 2338 p.
750 2296 815 2336 29.)
837 2297 868 2326 et
893 2297 954 2337 Ep.
979 2295 1023 2326 acl
1040 2295 1109 2326 Sen.
1131 2294 1200 2325 Pol.
1221 2294 1296 2334 (Ser.
1314 2297 1379 2325 ant.
1396 2294 1460 2327 ΠΙ.
1480 2296 1524 2326 1².
1543 2306 1573 2337 p.
1593 2296 1690 2337 103.).

229 2352 255 2391 3)
282 2353 345 2394 Ep.
369 2352 470 2384 dedic.
493 2352 527 2383 in
550 2352 663 2383 Forma
685 2362 723 2383 ac
745 2354 807 2383 rat.
829 2352 914 2383 Eccl.
938 2350 1036 2383 Lond.
1060 2360 1090 2392 p.
1116 2349 1167 2381 16.

229 2407 254 2447 4)
282 2407 330 2439 1b.
353 2418 384 2449 p.
411 2406 485 2440 117.
510 2405 558 2438 Cf.
581 2407 630 2438 De
657 2406 753 2438 missa
769 2407 892 2448 papali.
915 2416 946 2448 p.
962 2406 1038 2438 415.
1066 2405 1153 2447 Cous.
1166 2404 1267 2447 fidei,
1290 2415 1321 2446 p.
1339 2405 1372 2444 2,
1392 2405 1427 2444 3,
1446 2406 1496 2438 10.
1516 2408 1690 2447 (HERINGA.

195 2461 277 2500 233,
303 2462 383 2500 234,
409 2461 507 2502 247.).

230 2516 255 2557 5)
284 2519 345 2559 Ep.
369 2516 415 2548 ad
437 2517 507 2548 Sen.
531 2516 601 2549 Pol.
625 2517 701 2556 (Ser.
725 2519 791 2549 ant.
816 2517 879 2549 III.
906 2518 950 2548 1³.
975 2517 1052 2557 66.).
1079 2516 1237 2549 Tractatio
1260 2516 1299 2549 de
1323 2518 1461 2550 Sacram.
1485 2518 1580 2560 praef.
1603 2528 1634 2560 p.
1660 2519 1689 2554 7.

192 2571 292 2603 Form.
318 2582 355 2603 ac
378 2574 439 2604 rat.
464 2572 536 2603 min.
560 2572 658 2604 Load.
682 2583 712 2614 p.
738 2572 812 2603 121.

232 2626 257 2666 6)
282 2626 340 2668 Ep.
370 2627 415 2657 ad
444 2626 518 2658 ord.
544 2627 610 2668 pol.
640 2628 710 2659 Pol.
741 2627 817 2666 (Ser.
847 2630 912 2660 ant.
942 2627 986 2659 11.
1012 2628 1056 2661 2²³.
1082 2627 1181 2669 718.).
1213 2628 1260 2660 Cf.
1293 2630 1354 2671 Ep.
1378 2630 1423 2661 acl
1448 2630 1518 2662 Sen.
1543 2630 1690 2673 Francos.

198 2679 252 2720 (ib.
275 2679 320 2713 II.
345 2680 390 2713 2³.
408 2680 507 2721 7280.
533 2682 638 2724 Suppl.
664 2681 708 2713 ad
733 2692 797 2723 rey.
825 2682 906 2713 Dan.
932 2683 1051 2724 (Simpl.
1074 2693 1112 2714 ac
1124 2683 1187 2726 fid.
1209 2695 1295 2716 narr.
1314 2694 1344 2725 p.
1368 2684 1443 2724 32).
1478 2684 1637 2717 Tractatio
1653 2685 1691 2716 de

196 2736 338 2767 Sacram.
362 2736 458 2776 praef.
483 2736 520 2775 3,
546 2736 580 2774 9,
606 2737 663 2775 10,
687 2736 788 2778 ipsius
812 2737 913 2778 operis
939 2737 1033 2775 1032,
1058 2737 1152 2783 1064,
1179 2738 1252 2770 110.
1278 2739 1336 2780 Ep.
1356 2739 1401 2770 ad
1420 2740 1507 2771 Ball.
1529 2741 1560 2771 et
1580 2739 1689 2771 Pellio.
1712 2725 1716 2730 .

193 2791 273 2831 (Scr.
297 2792 362 2821 ant.
391 2790 447 2822 IV.
472 2791 518 2822 1³.
542 2791 641 2831 458).
665 2791 721 2833 Ep.
750 2791 794 2822 ad
815 2792 884 2823 Sea.
909 2793 978 2824 Pol.
1005 2791 1059 2831 (ib.
1082 2791 1146 2823 111.
1179 2793 1224 2824 1²¹.
1255 2793 1353 2833 101.).
1384 2793 1433 2825 De
1456 2793 1551 2825 missa
1566 2794 1689 2836 papali.

194 2858 224 2889 p.
247 2848 279 2878 4.
304 2846 435 2887 Parqat.
459 2844 531 2876 min.
556 2845 704 2887 Francff.
728 2855 758 2886 p.
784 2845 844 2884 11,
870 2845 928 2885 12,
956 2845 1006 2878 22.
1239 2845 1244 2851 “

231 2900 257 2941 7)
283 2901 353 2933 Cat.
376 2899 473 2932 Lond.
497 2899 571 2934 mai.
593 2909 624 2940 p.
649 2899 701 2931 13.
1034 2914 1038 2917 ·
