1849 3239
835 92 913 131 ’188

122 228 176 266 5ὶο
206 227 335 266 dietae
366 225 526 265 differat
556 226 641 265 eius
671 226 865 272 Ecclesia,
906 225 1018 264 dubii
1053 239 1192 265 revera
1222 227 1477 274 haereamus3
1517 229 1627 268 deni-

122 309 199 348 que
238 297 394 334 tristem
425 308 582 347 quoque
614 295 997 346 particularismum,
1037 308 1115 346 quo
1154 297 1278 348 magis
1318 310 1410 335 sanc
1441 297 1627 337 Christia-

121 366 240 404 nismi
270 365 428 416 spiritui
461 364 582 402 officit
612 364 733 408 nihil,
773 364 814 402 in
846 364 1017 402 Ecclesia
1049 377 1119 403 sua
1149 365 1338 404 invisibili
1370 373 1531 406 strenue
1562 369 1627 407 de-

122 435 272 477 fendit,
303 441 422 485 atque
453 434 553 472 adeo
584 434 807 484 gravissimi
838 433 1024 472 Iudai'smi
1055 435 1202 473 erroris
1231 435 1272 473 in
1297 436 1493 475 Ecclesiae
1519 436 1628 475 Chri-

124 504 251 542 stiana
294 503 428 541 fautor
472 503 627 541 exstitit
667 515 709 540 ac
748 509 952 553 patronus.
1011 503 1158 548 Quodsi
1189 511 1421 556 reputemus
1450 507 1490 544 in
1520 506 1627 545 hisce
1667 497 1670 500 Δ

125 572 309 611 omnibus
339 585 385 610 ea
419 572 574 610 ratione
605 571 653 609 ab
684 584 731 609 eo
761 570 926 610 Lascum
959 572 1182 617 discedere,
1213 575 1319 625 quod
1348 575 1473 626 ipsius
1502 576 1628 614 Euan-

125 642 218 694 gelii
249 641 448 692 propriam
479 654 522 679 ac
552 641 704 692 privam
735 642 860 679 veluti
891 641 1066 679 indolem
1105 643 1248 681 melius
1283 644 1421 694 utiquc
1451 657 1629 696 perspec-

125 717 204 748 tam
235 710 309 748 sibi
345 710 553 754 habuerit,
584 711 711 749 veteri
740 710 914 748 foederis
945 711 1224 750 auctoritatem
1255 712 1303 750 ad
1335 712 1481 750 Christi
1512 713 1629 752 effata

125 779 273 830 ubique
303 780 482 817 locorum
513 786 695 823 revocet,
726 787 889 818 strenue
921 793 1076 832 semper
1106 780 1370 819 Christianam
1402 782 1630 821 libertatem

124 855 164 887 et
191 849 336 887 acriter
361 848 610 889 defenderit,
636 849 851 899 legalitatis
866 850 1060 901 principio
1076 850 1240 901 spiritus
1257 851 1529 902 operationem
1552 852 1641 903 ple-N

125 931 293 969 rumque
324 917 600 961 substituerit,
629 917 828 956 humanae
859 925 1025 957 naturae
1058 919 1230 970 benigne
1257 919 1297 957 in
1322 920 1511 958 universo
1541 933 1631 958 con-

125 987 292 1024 suluerit
331 993 371 1024 et
412 987 452 1024 in
492 987 695 1025 societatis
736 987 930 1025 Ecclesiae
962 988 1126 1026 notione
1158 989 1307 1027 tuenda
1340 995 1446 1027 totus
1477 1002 1633 1041 semper

124 1055 247 1094 fucrit
287 1062 405 1107 atquc
437 1056 637 1100 assiduus;
669 1068 827 1094 ornnem
859 1069 977 1108 porro
1004 1058 1312 1113 ¹qualencunque
1343 1059 1560 1110 cuiuspiam
1592 1060 1633 1098 in

125 1122 271 1163 divinis
300 1127 581 1164 auctoritatem
612 1138 822 1177 respuere,
852 1139 944 1178 prae
977 1134 1111 1165 saneta
1134 1126 1204 1165 Dei
1230 1128 1288 1166 ira
1314 1134 1522 1179 paternum
1549 1129 1635 1167 eius

125 1207 319 1239 amorem,
363 1207 457 1245 prae
497 1194 701 1232 doctrinae
739 1194 863 1251 ipsius
893 1195 1027 1233 valore
1060 1196 1220 1233 virtutis
1251 1196 1449 1246 praetium
1490 1195 1634 1235 efferre

126 1263 273 1307 soleat,
296 1263 411 1308 etab
437 1263 544 1301 omni
561 1262 879 1314 particularismo
896 1263 1018 1301 suerit
1035 1276 1191 1315 semper
1216 1265 1498 1310 alienissimum
1525 1267 1635 1305 nullo

126 1333 299 1383 denique
327 1333 479 1371 ordinis
499 1333 729 1371 discrimine
747 1333 977 1370 aministris
1003 1334 1151 1377 socios,
1181 1346 1311 1384 neque
1338 1348 1358 1372 a
1385 1334 1495 1373 verbi
1521 1335 1636 1374 mini-

127 1402 220 1440 stris
245 1403 503 1454 presbyteros
524 1402 756 1441 distinxerit
779 1408 897 1453 atquc
915 1403 1123 1451 diaconos;
1152 1409 1191 1440 et
1208 1403 1459 1454 magistratui
1476 1406 1635 1444 nonnisi

127 1471 230 1509 circa
258 1484 365 1511 sacra
392 1472 453 1510 ius
475 1472 514 1510 in
534 1472 745 1510 Ecclesiam
763 1470 1028 1510 Christianam
1045 1472 1288 1523 permiserit;
1305 1474 1423 1517 —si,
1450 1473 1634 1525 inquam,

123 1541 232 1579 varia
254 1541 352 1580 haee
369 1541 614 1580 diversitatis
632 1541 738 1579 inter
755 1548 970 1592 utrumque
988 1542 1288 1580 reformatorem
1308 1543 1453 1582 indicia
1471 1544 1511 1581 in
1528 1543 1635 1582 hunc

122 1609 284 1648 modum
325 1610 479 1662 digesta
520 1617 640 1662 atque
681 1610 872 1662 disposita
904 1611 1037 1649 animo
1068 1612 1215 1650 iterum
1246 1612 1473 1664 iterumque
1504 1615 1634 1653 volva-

121 1690 232 1722 mus,
271 1678 419 1730 absque
460 1680 539 1718 ulla
578 1679 844 1718 haesitatione
877 1681 1072 1719 affirmare
1103 1682 1251 1726 ausim,
1293 1682 1331 1720 in
1364 1682 1572 1728 Iudaismi,
1612 1698 1633 1722 a

121 1745 440 1787 Romanensibus
460 1749 674 1793 mutuatis,
701 1750 901 1801 vestigiis,
932 1764 1033 1801 quae
1059 1752 1098 1789 in
1125 1750 1277 1790 Calvini
1305 1752 1474 1791 Ecclesia
1492 1753 1632 1791 ubiubi

121 1815 416 1868 deprehendas,
447 1819 639 1857 radicitus
670 1825 808 1857 eontra
835 1812 988 1870 expulit
1015 1820 1249 1872 plerumque
1276 1821 1295 1859 a
1321 1820 1467 1869 Lasco,
1498 1835 1632 1861 veram
1675 1811 1682 1820 ⁹

122 1897 195 1923 nos
225 1898 476 1925 communem
507 1889 710 1939 aperuisse
742 1888 915 1931 sontem,
951 1889 1058 1927 unde
1091 1891 1216 1928 omnis
1247 1891 1465 1942 repetenda
1495 1892 1545 1930 sit
1575 1893 1631 1930 di-

122 1955 310 2000 versitas,
355 1969 473 2007 quam
512 1957 619 1995 inter
662 1956 812 1995 Calvini
853 1955 1046 2008 Laseique
1086 1959 1135 1996 de
1177 1959 1348 1998 Ecclesia
1388 1961 1629 1999 sententiam

123 2024 374 2064 intercedere
406 2026 647 2077 praecedens
676 2026 813 2065 docuit
843 2026 1078 2078 disquisitio.
