1849 3239
807 102 884 140 179

99 245 221 279 tatem
260 249 421 282 eorum,
460 237 528 289 qui
567 236 724 276 Christo
763 235 932 275 Domino
971 239 1109 274 nostro
1148 238 1385 285 perpetuum
1424 232 1598 270 testimo-

98 309 210 348 nium
248 307 452 358 praebent.
480 330 533 336 —
562 306 747 346 Calvinus
787 306 912 358 igitur
955 304 1175 348 Ecclesiae,
1214 303 1359 354 quippe
1403 301 1600 344 instituti,

100 376 404 416 fundamentum
444 377 619 416 divinam
662 376 884 414 doctrinam
928 387 1013 413 csse
1053 373 1214 417 statuit,
1258 384 1374 422 quam
1414 371 1453 408 in
1493 382 1600 408 sacra

101 446 295 497 scriptura
325 446 510 498 deposuit
540 444 667 489 Deus,
697 444 804 483 unde
834 443 1018 494 sequitur
1041 442 1267 485 vinculum,
1297 451 1375 490 quo
1404 437 1602 477 Ecclesiae

102 515 196 554 socii
223 516 264 553 in
289 528 414 553 unum
441 515 741 565 coniunguntur
761 525 920 564 corpus,
951 510 1052 550 nihil
1078 510 1186 550 aliud
1211 522 1314 554 esse,
1345 520 1462 559 quam
1484 507 1604 545 fidem

103 584 306 623 doctrinae
333 585 388 623 illi
413 584 666 636 praestitam,
691 585 712 622 a
743 581 866 621 Lasco
896 588 1035 620 eontra
1063 580 1282 624 Ecclesiae,
1311 579 1456 630 quippe
1483 577 1604 614 socie-

103 654 217 697 tatis,
253 666 331 704 quo
361 653 630 697 coadunetur,
670 664 899 704 compagem
930 650 1241 702 deprehendisse
1270 648 1345 687 sibi
1375 647 1536 686 videtur
1566 645 1606 684 in

103 722 188 773 ipso
218 721 396 767 Christo,
426 723 538 761 cuius
568 722 730 774 spiritus
759 721 894 759 divina
929 732 999 758 sua
1030 720 1179 758 virtute
1218 717 1440 757 necessarie
1471 726 1607 754 conso-

104 791 208 839 ciare
226 804 311 830 eam
329 791 449 830 debet
466 799 585 843 atque
603 791 846 842 coniungere
864 790 904 828 in
921 801 1056 828 unum.
1073 812 1126 817 ——-
1146 788 1331 827 Calvinus
1353 798 1472 838 porro
1500 784 1609 823 theo-

103 860 219 912 logus
257 859 456 900 Ecclesiae
496 861 602 900 hunc
633 874 652 898 a
685 859 765 898 Deo
803 860 976 898 inditum
1016 871 1101 897 csse
1141 858 1262 895 finem
1304 856 1527 898 existimat,
1566 859 1611 892 ut

106 927 176 967 Dei
216 930 356 968 maiori
396 930 545 981 gloriae
586 929 880 981 promovendae
919 928 1099 980 inprimis
1133 927 1344 970 inserviat,
1384 926 1612 974 electosque

107 1010 155 1036 co
186 1005 341 1038 tantum
372 1007 488 1051 pacto
518 1006 681 1038 aeterna
712 999 804 1037 beet
834 999 979 1042 salute,
1009 997 1116 1048 quod
1146 997 1265 1035 docili
1296 996 1428 1033 animo
1459 1001 1498 1032 ct
1529 993 1613 1032 ahs-

108 1081 183 1119 que
215 1069 321 1107 omni
351 1069 685 1120 tergiversatione
716 1056 850 1106 divin-a
880 1067 1072 1118 mysteria
1098 1078 1186 1104 eum
1212 1064 1291 1103 fide
1318 1071 1358 1102 et
1383 1068 1617 1102 reverenter

107 1138 327 1189 excipiant;
368 1149 489 1189 quum
519 1144 655 1176 eontra
688 1139 708 1175 a
741 1136 865 1175 Lasco
903 1135 1011 1173 hune
1041 1134 1240 1173 Ecclesiae
1271 1133 1393 1172 finem
1423 1145 1509 1172 esse
1540 1138 1616 1169 sta-

111 1208 207 1252 tuit,
238 1214 283 1245 ut
308 1207 393 1245 eius
419 1207 514 1245 socii
532 1207 572 1244 in
590 1206 675 1244 dies
694 1206 820 1257 magis
846 1205 1136 1244 communionis
1162 1217 1251 1242 cum
1273 1203 1431 1242 Christo
1450 1202 1618 1240 Domino

108 1283 249 1313 nostro
270 1274 368 1313 fiant
394 1276 626 1326 participes,
653 1275 779 1313 donee
806 1274 1036 1313 universum
1063 1274 1278 1325 aliquando
1301 1271 1531 1311 mortalium
1554 1282 1619 1322 ge·

70 1337 73 1340 v
108 1358 183 1383 nus
222 1345 365 1399 intimo
406 1346 550 1384 amoris
589 1345 747 1384 vinculo
787 1358 876 1383 eum
917 1344 1076 1383 Christo
1115 1343 1381 1395 conglutinati
1414 1342 1462 1380 ad
1493 1340 1620 1379 Deum

108 1415 277 1453 reduces
317 1421 521 1454 aeternam
562 1415 730 1453 salutem
784 1414 1066 1465 adipiscantur.
1097 1434 1149 1440 —-
1183 1412 1369 1452 Calvinus
1409 1410 1621 1461 theologus

109 1482 348 1528 Ecclesiam,
387 1485 532 1535 quippe
562 1484 793 1522 institutum
824 1490 1058 1527 externum,
1098 1482 1235 1520 adesse
1267 1481 1405 1525 docet,
1445 1479 1622 1518 simulat·
1666 1525 1675 1534 Ι

111 1564 187 1606 que
217 1552 330 1591 verbi
369 1554 637 1592 ministerium
678 1559 718 1592 et
749 1559 1089 1591 sacramentorum
1126 1550 1420 1590 administratio
1451 1549 1528 1587 rite
1558 1559 1623 1599 pe-

110 1628 318 1673 raguntur.
376 1622 545 1662 Easdem
591 1635 747 1674 quoque
793 1629 908 1661 notas
953 1623 972 1659 a
1015 1621 1137 1660 Lasco
1182 1620 1374 1671 requirit,
1419 1618 1488 1656 sed
1527 1628 1623 1655 vero

110 1698 232 1742 negat
270 1690 486 1729 Ecclesiam
525 1690 685 1734 adesse,
724 1690 792 1728 ubi
831 1691 944 1729 deest
984 1690 1212 1741 disciplina,
1252 1689 1358 1727 vitae
1398 1685 1623 1726 sanctitatis

112 1760 259 1798 vindex
299 1767 417 1811 atque
456 1760 628 1804 fautrix,
672 1760 748 1798 nisi
789 1759 887 1798 fides
927 1760 977 1798 sit
1017 1759 1249 1810 conspicua,
1293 1764 1334 1796 et
1373 1756 1467 1796 socii
1502 1755 1625 1807 ipsius

110 1829 206 1867 sorti
250 1829 382 1868 animo
428 1828 639 1867 Dominum
684 1841 800 1867 suum
843 1828 1123 1866 confiteantur.
1161 1850 1214 1856 —
1253 1813 1405 1865 Calv'ini
1450 1823 1625 1862 Ecclesia

112 1897 334 1936 doctrinale
356 1898 604 1942 institutum;
631 1896 743 1936 Lasci
765 1898 925 1936 moralis
946 1898 1115 1936 societas
1138 1897 1269 1948 potius
1286 1902 1346 1933 est
1362 1893 1557 1932 habenda.
1574 1915 1626 1920 —

113 1966 264 2005 Calvini
295 1965 471 2005 Ecclesia
500 1979 579 2005 una
610 1974 688 2011 est,
720 1967 865 2018 quippe
896 1967 1015 2004 unius
1045 1966 1204 2004 divinae
1235 1965 1442 2003 doctrinae
1473 1963 1624 2001 conses-

113 2035 225 2074 sione
255 2048 419 2075 concors
458 2043 577 2089 atque
618 2036 838 2079 unanimis;
879 2034 991 2073 Lasci
1031 2033 1206 2072 Ecclesia
1246 2047 1325 2072 una
1365 2040 1424 2071 est
1458 2031 1624 2071 fraterni

115 2105 261 2143 amoris
292 2105 448 2143 vinculo
487 2104 528 2142 in
567 2116 692 2142 unum
732 2115 874 2154 corpus
913 2103 1150 2141 consociata.
1180 2126 1232 2130 —
1262 2101 1414 2141 Ca'lvini
1450 2100 1625 2139 Ecclesia

115 2186 245 2224 neque
277 2180 411 2212 saneta
441 2179 523 2217 est,
552 2185 683 2223 neque
714 2179 849 2210 sancta
879 2172 1022 2211 evadet
1053 2184 1249 2222 unquam,
1280 2171 1467 2222 quoniam
1497 2183 1625 2222 usque

117 2243 166 2281 ad
196 2243 425 2295 supremum
458 2243 650 2281 iudicium
681 2254 770 2279 cum
801 2241 940 2279 electis
966 2241 1167 2279 commixti
1196 2240 1398 2292 reprobati
1424 2241 1463 2278 in
1495 2239 1627 2278 Eccle-

118 2313 174 2350 sia
205 2312 483 2351 versabuntur.
542 2310 653 2350 Lasci
692 2317 830 2349 eontra
870 2310 1046 2349 Ecclesia
1086 2317 1221 2349 sancta
1256 2311 1418 2361 quidem
1448 2309 1627 2348 nondum

118 2388 200 2426 est,
239 2382 309 2420 sed
348 2393 444 2420 vero
484 2381 642 2420 assiduo
673 2381 906 2432 disciplinae
938 2393 1012 2418 usu
1043 2387 1178 2418 saneta
1213 2379 1427 2431 aliquando
1457 2378 1628 2418 evadere

117 2450 277 2502 poterit.
307 2474 359 2480 --
390 2452 456 2489 Est
486 2450 637 2489 Calvini
678 2451 849 2488 Ecclesia
888 2450 936 2488 ab
971 2462 1106 2488 errore
1142 2462 1286 2493 vacua,
1327 2449 1506 2500 adeoque
1545 2447 1628 2486 salli

119 2531 198 2558 non
229 2526 382 2571 potest,
413 2532 534 2570 quum
566 2534 586 2559 e
618 2520 819 2558 contrario
849 2522 869 2557 a
901 2518 1024 2558 Lasco
1049 2519 1247 2558 humanae
1274 2517 1559 2556 imbecillitatis
1589 2517 1628 2554 in

122 2589 291 2626 Ecclesia
323 2589 561 2628 delineanda
590 2602 744 2628 memor
773 2589 850 2627 suit
882 2601 1049 2640 semper.
1079 2612 1132 2617 —
1163 2587 1311 2626 Statuit
1352 2572 1475 2639 igitur
1505 2586 1630 2625 Calvi-

121 2669 195 2694 nus
238 2662 351 2695 extra
402 2656 597 2696 Ecclesiae
642 2657 839 2709 gremium
884 2657 1034 2694 nullam
1078 2669 1162 2695 esse
1212 2656 1402 2699 salutem,
1447 2668 1569 2706 quum
1609 2654 1630 2691 a

63 2754 68 2758 .
121 2724 245 2764 Lasco
275 2726 324 2765 dc
355 2726 402 2764 iis
433 2739 613 2778 quoque,
654 2727 721 2777 qui
761 2726 958 2764 Ecclesiae
989 2726 1269 2764 communione
1301 2725 1485 2764 destituti
1516 2729 1630 2767 sunt,

122 2802 309 2835 aeternae
349 2795 487 2833 salutis
527 2807 635 2847 spem
671 2795 869 2833 sustinere
900 2807 1018 2833 ausus
1048 2801 1118 2832 est.
1177 2793 1328 2832 Calvini
1358 2794 1531 2844 denique
1564 2793 1631 2830 Ee-

121 2865 239 2903 elesia
269 2863 561 2903 Catliolicitatis
591 2864 752 2914 quidem
782 2875 927 2902 nomen
959 2876 1051 2915 prae
1087 2876 1128 2901 se
1158 2863 1257 2907 sert,
1295 2875 1435 2915 reapse
1476 2869 1630 2905 tamen,

121 2934 153 2973 si
194 2946 294 2985 quae
335 2933 431 2978 alia,
470 2933 720 2985 particularis
749 2932 934 2972 habenda
964 2940 1045 2978 est,
1086 2945 1207 2984 quum
1244 2940 1382 2972 contra
1418 2930 1531 2970 Lasci
1561 2930 1632 2969 Ec-

1389 3000 1440 3023 12·
