<?xml version="1.0" encoding="UTF-8"?>
<!DOCTYPE html PUBLIC "-//W3C//DTD XHTML 1.0 Transitional//EN"
    "http://www.w3.org/TR/xhtml1/DTD/xhtml1-transitional.dtd">
<html xmlns="http://www.w3.org/1999/xhtml" xml:lang="en" lang="en">
 <head>
  <title>
</title>
<meta http-equiv="Content-Type" content="text/html;charset=utf-8" />
  <meta name='ocr-system' content='tesseract 3.04.00' />
  <meta name='ocr-capabilities' content='ocr_page ocr_carea ocr_par ocr_line ocrx_word'/>
</head>
<body>
  <div class='ocr_page' id='page_1' title='image "./disquisitiohisto00kuyp_0142.png"; bbox 0 0 1849 3239; ppageno 0'>
   <div class='ocr_carea' id='block_1_1' title="bbox 938 110 1016 149">
    <p class='ocr_par' dir='ltr' id='par_1_1' title="bbox 938 110 1016 149">
     <span class='ocr_line' id='line_1_1' title="bbox 938 110 1016 149; baseline 0 0"><span class='ocrx_word' id='word_1_1' title='bbox 938 110 1016 149; x_wconf 77' lang='lat'><strong>122</strong></span> 
     </span>
    </p>
   </div>
   <div class='ocr_carea' id='block_1_2' title="bbox 229 246 1754 2595">
    <p class='ocr_par' dir='ltr' id='par_1_2' title="bbox 229 246 1744 2315">
     <span class='ocr_line' id='line_1_2' title="bbox 229 246 1725 300; baseline 0.001 -14"><span class='ocrx_word' id='word_1_2' title='bbox 229 246 484 286; x_wconf 86' lang='lat' dir='ltr'><strong>»institutam</strong></span> <span class='ocrx_word' id='word_1_3' title='bbox 525 259 612 286; x_wconf 87' lang='lat' dir='ltr'><strong>esse</strong></span> <span class='ocrx_word' id='word_1_4' title='bbox 651 251 826 291; x_wconf 82' lang='lat' dir='ltr'><strong>constet,</strong></span> <span class='ocrx_word' id='word_1_5' title='bbox 865 252 906 285; x_wconf 86' lang='lat' dir='ltr'><strong>et</strong></span> <span class='ocrx_word' id='word_1_6' title='bbox 934 258 1007 285; x_wconf 86' lang='grc'><strong>1105</strong></span> <span class='ocrx_word' id='word_1_7' title='bbox 1036 247 1198 286; x_wconf 87' lang='lat' dir='ltr'><strong>interim</strong></span> <span class='ocrx_word' id='word_1_8' title='bbox 1225 246 1284 285; x_wconf 92' lang='grc'><strong>1111</strong></span> <span class='ocrx_word' id='word_1_9' title='bbox 1324 246 1542 300; x_wconf 86' lang='lat' dir='ltr'><strong>adiungere</strong></span> <span class='ocrx_word' id='word_1_10' title='bbox 1571 260 1725 288; x_wconf 89' lang='lat' dir='ltr'><strong>recuse-</strong></span> 
     </span>
     <span class='ocr_line' id='line_1_3' title="bbox 230 315 1727 368; baseline 0.002 -12"><span class='ocrx_word' id='word_1_11' title='bbox 230 329 357 356; x_wconf 76' lang='lat' dir='ltr'><strong>»mus</strong></span> <span class='ocrx_word' id='word_1_12' title='bbox 489 315 564 361; x_wconf 91' lang='lat' dir='ltr'><strong>Qui</strong></span> <span class='ocrx_word' id='word_1_13' title='bbox 602 317 726 368; x_wconf 87' lang='lat' dir='ltr'><strong>igitur</strong></span> <span class='ocrx_word' id='word_1_14' title='bbox 764 316 979 355; x_wconf 80' lang='lat' dir='ltr'><strong>Christiani</strong></span> <span class='ocrx_word' id='word_1_15' title='bbox 1020 323 1061 356; x_wconf 87' lang='lat' dir='ltr'><strong>et</strong></span> <span class='ocrx_word' id='word_1_16' title='bbox 1100 317 1231 358; x_wconf 87' lang='lat' dir='ltr'><strong>vocari</strong></span> <span class='ocrx_word' id='word_1_17' title='bbox 1270 329 1363 356; x_wconf 87' lang='lat' dir='ltr'><strong>vere</strong></span> <span class='ocrx_word' id='word_1_18' title='bbox 1403 325 1444 357; x_wconf 93' lang='lat' dir='ltr'><strong>et</strong></span> <span class='ocrx_word' id='word_1_19' title='bbox 1483 331 1567 358; x_wconf 89' lang='grc'><strong>6556</strong></span> <span class='ocrx_word' id='word_1_20' title='bbox 1606 320 1727 359; x_wconf 86' lang='grc'><strong>6116111</strong></span> 
     </span>
     <span class='ocr_line' id='line_1_4' title="bbox 231 385 1737 435; baseline 0.001 -9"><span class='ocrx_word' id='word_1_21' title='bbox 231 404 247 422; x_wconf 85' lang='lat'>»</span> <span class='ocrx_word' id='word_1_22' title='bbox 259 388 419 432; x_wconf 89' lang='lat' dir='ltr'><strong>volunt,</strong></span> <span class='ocrx_word' id='word_1_23' title='bbox 457 385 600 425; x_wconf 88' lang='lat' dir='ltr'><strong>horum</strong></span> <span class='ocrx_word' id='word_1_24' title='bbox 631 399 724 425; x_wconf 85' lang='lat' dir='ltr'><strong>sane</strong></span> <span class='ocrx_word' id='word_1_25' title='bbox 760 386 931 425; x_wconf 86' lang='lat' dir='ltr'><strong>officium</strong></span> <span class='ocrx_word' id='word_1_26' title='bbox 961 399 1067 432; x_wconf 88' lang='lat' dir='ltr'><strong>esse,</strong></span> <span class='ocrx_word' id='word_1_27' title='bbox 1106 393 1151 425; x_wconf 80' lang='grc'><strong>111</strong></span> <span class='ocrx_word' id='word_1_28' title='bbox 1180 386 1274 425; x_wconf 83' lang='lat' dir='ltr'><strong>dum</strong></span> <span class='ocrx_word' id='word_1_29' title='bbox 1305 399 1352 425; x_wconf 91' lang='lat' dir='ltr'><strong>eo</strong></span> <span class='ocrx_word' id='word_1_30' title='bbox 1381 387 1467 426; x_wconf 91' lang='lat' dir='ltr'><strong>loco</strong></span> <span class='ocrx_word' id='word_1_31' title='bbox 1497 395 1707 428; x_wconf 84' lang='lat' dir='ltr'><strong>versantur</strong></span> <span class='ocrx_word' id='word_1_32' title='bbox 1719 420 1737 435; x_wconf 57' lang='lat'><strong>,‚</strong></span> 
     </span>
     <span class='ocr_line' id='line_1_5' title="bbox 233 455 1728 502; baseline 0.003 -10"><span class='ocrx_word' id='word_1_33' title='bbox 233 457 330 495; x_wconf 84' lang='lat' dir='ltr'><strong>»ubi</strong></span> <span class='ocrx_word' id='word_1_34' title='bbox 369 455 584 496; x_wconf 79' lang='lat' dir='ltr'><strong>Ecclesiam</strong></span> <span class='ocrx_word' id='word_1_35' title='bbox 623 455 767 494; x_wconf 85' lang='lat' dir='ltr'><strong>Christi</strong></span> <span class='ocrx_word' id='word_1_36' title='bbox 807 456 966 494; x_wconf 89' lang='lat' dir='ltr'><strong>nominc</strong></span> <span class='ocrx_word' id='word_1_37' title='bbox 1006 457 1212 495; x_wconf 78' lang='lat' dir='ltr'>collectam</span> <span class='ocrx_word' id='word_1_38' title='bbox 1251 468 1336 495; x_wconf 85' lang='lat' dir='ltr'><strong>esse</strong></span> <span class='ocrx_word' id='word_1_39' title='bbox 1370 457 1518 502; x_wconf 84' lang='lat' dir='ltr'><strong>sciant,</strong></span> <span class='ocrx_word' id='word_1_40' title='bbox 1556 459 1613 496; x_wconf 88' lang='lat' dir='ltr'><strong>illi</strong></span> <span class='ocrx_word' id='word_1_41' title='bbox 1644 471 1728 498; x_wconf 87' lang='lat' dir='ltr'><strong>sese</strong></span> 
     </span>
     <span class='ocr_line' id='line_1_6' title="bbox 234 517 1729 578; baseline 0.003 -17"><span class='ocrx_word' id='word_1_42' title='bbox 234 527 445 578; x_wconf 81' lang='lat' dir='ltr'><strong>»protinus</strong></span> <span class='ocrx_word' id='word_1_43' title='bbox 481 526 700 576; x_wconf 86' lang='lat' dir='ltr'><strong>adiungant</strong></span> <span class='ocrx_word' id='word_1_44' title='bbox 727 524 790 575; x_wconf 77' lang='lat'><strong>4).”</strong></span> <span class='ocrx_word' id='word_1_45' title='bbox 847 524 902 564; x_wconf 91' lang='lat' dir='ltr'><strong>De</strong></span> <span class='ocrx_word' id='word_1_46' title='bbox 941 526 989 564; x_wconf 90' lang='lat' dir='ltr'><strong>iis</strong></span> <span class='ocrx_word' id='word_1_47' title='bbox 1019 526 1163 578; x_wconf 79' lang='lat' dir='ltr'><strong>igitur,</strong></span> <span class='ocrx_word' id='word_1_48' title='bbox 1194 526 1261 577; x_wconf 92' lang='lat' dir='ltr'><strong>qui</strong></span> <span class='ocrx_word' id='word_1_49' title='bbox 1296 526 1336 563; x_wconf 91' lang='grc'><strong>111</strong></span> <span class='ocrx_word' id='word_1_50' title='bbox 1371 526 1468 564; x_wconf 89' lang='grc'><strong>10615</strong></span> <span class='ocrx_word' id='word_1_51' title='bbox 1497 517 1729 572; x_wconf 88' lang='lat' dir='ltr'><strong>versantur,</strong></span> 
     </span>
     <span class='ocr_line' id='line_1_7' title="bbox 234 593 1731 640; baseline 0.001 -6"><span class='ocrx_word' id='word_1_52' title='bbox 234 596 302 634; x_wconf 90' lang='lat' dir='ltr'><strong>ubi</strong></span> <span class='ocrx_word' id='word_1_53' title='bbox 333 594 557 634; x_wconf 73' lang='lat' dir='ltr'><strong>istiusmodi</strong></span> <span class='ocrx_word' id='word_1_54' title='bbox 597 593 772 632; x_wconf 79' lang='lat' dir='ltr'><strong>Ecclesia</strong></span> <span class='ocrx_word' id='word_1_55' title='bbox 811 606 892 633; x_wconf 83' lang='lat' dir='ltr'><strong>non</strong></span> <span class='ocrx_word' id='word_1_56' title='bbox 931 601 1079 640; x_wconf 83' lang='lat' dir='ltr'><strong>exstat,</strong></span> <span class='ocrx_word' id='word_1_57' title='bbox 1116 595 1191 633; x_wconf 87' lang='lat' dir='ltr'><strong>etsi</strong></span> <span class='ocrx_word' id='word_1_58' title='bbox 1221 602 1375 633; x_wconf 89' lang='lat' dir='ltr'><strong>certum</strong></span> <span class='ocrx_word' id='word_1_59' title='bbox 1405 594 1506 633; x_wconf 84' lang='lat' dir='ltr'><strong>nihil</strong></span> <span class='ocrx_word' id='word_1_60' title='bbox 1536 595 1731 635; x_wconf 84' lang='lat' dir='ltr'><strong>affirmare</strong></span> 
     </span>
     <span class='ocr_line' id='line_1_8' title="bbox 236 664 1731 716; baseline 0 -12"><span class='ocrx_word' id='word_1_61' title='bbox 236 665 359 708; x_wconf 88' lang='lat' dir='ltr'><strong>ausit,</strong></span> <span class='ocrx_word' id='word_1_62' title='bbox 403 677 528 715; x_wconf 84' lang='lat' dir='ltr'><strong>quam·</strong></span> <span class='ocrx_word' id='word_1_63' title='bbox 559 664 677 702; x_wconf 85' lang='lat' dir='ltr'><strong>altam</strong></span> <span class='ocrx_word' id='word_1_64' title='bbox 718 670 851 702; x_wconf 84' lang='lat' dir='ltr'><strong>tamen</strong></span> <span class='ocrx_word' id='word_1_65' title='bbox 895 664 1041 704; x_wconf 85' lang='lat' dir='ltr'><strong>foverit</strong></span> <span class='ocrx_word' id='word_1_66' title='bbox 1079 677 1205 716; x_wconf 87' lang='lat' dir='ltr'><strong>spem,</strong></span> <span class='ocrx_word' id='word_1_67' title='bbox 1250 676 1330 702; x_wconf 90' lang='lat' dir='ltr'><strong>non</strong></span> <span class='ocrx_word' id='word_1_68' title='bbox 1373 677 1533 716; x_wconf 87' lang='lat' dir='ltr'><strong>prorsus</strong></span> <span class='ocrx_word' id='word_1_69' title='bbox 1562 677 1647 704; x_wconf 89' lang='lat' dir='ltr'><strong>esse</strong></span> <span class='ocrx_word' id='word_1_70' title='bbox 1683 665 1731 704; x_wconf 85' lang='lat' dir='ltr'><strong>de</strong></span> 
     </span>
     <span class='ocr_line' id='line_1_9' title="bbox 236 733 1731 785; baseline 0 -12"><span class='ocrx_word' id='word_1_71' title='bbox 236 746 372 773; x_wconf 89' lang='lat' dir='ltr'><strong>corum</strong></span> <span class='ocrx_word' id='word_1_72' title='bbox 402 734 529 771; x_wconf 88' lang='lat' dir='ltr'><strong>salute</strong></span> <span class='ocrx_word' id='word_1_73' title='bbox 560 733 876 784; x_wconf 86' lang='lat' dir='ltr'><strong>desperandum,</strong></span> <span class='ocrx_word' id='word_1_74' title='bbox 908 734 1068 785; x_wconf 77' lang='lat' dir='ltr'><strong>egregie</strong></span> <span class='ocrx_word' id='word_1_75' title='bbox 1094 733 1192 772; x_wconf 90' lang='lat' dir='ltr'><strong>haec</strong></span> <span class='ocrx_word' id='word_1_76' title='bbox 1218 734 1302 772; x_wconf 89' lang='lat' dir='ltr'><strong>cius</strong></span> <span class='ocrx_word' id='word_1_77' title='bbox 1327 734 1447 773; x_wconf 83' lang='lat' dir='ltr'><strong>verba</strong></span> <span class='ocrx_word' id='word_1_78' title='bbox 1474 747 1544 772; x_wconf 87' lang='lat' dir='ltr'><strong>nos</strong></span> <span class='ocrx_word' id='word_1_79' title='bbox 1568 735 1731 773; x_wconf 82' lang='lat' dir='ltr'><strong>docent:</strong></span> 
     </span>
     <span class='ocr_line' id='line_1_10' title="bbox 238 801 1736 856; baseline 0.002 -16"><span class='ocrx_word' id='word_1_80' title='bbox 238 803 350 855; x_wconf 83' lang='lat' dir='ltr'><strong>»Ego</strong></span> <span class='ocrx_word' id='word_1_81' title='bbox 376 815 448 841; x_wconf 89' lang='lat' dir='ltr'><strong>nec</strong></span> <span class='ocrx_word' id='word_1_82' title='bbox 473 815 494 841; x_wconf 86' lang='lat' dir='ltr'><strong>a</strong></span> <span class='ocrx_word' id='word_1_83' title='bbox 519 801 768 854; x_wconf 80' lang='lat' dir='ltr'><strong>philosophia</strong></span> <span class='ocrx_word' id='word_1_84' title='bbox 800 809 879 841; x_wconf 86' lang='lat' dir='ltr'><strong>tam</strong></span> <span class='ocrx_word' id='word_1_85' title='bbox 907 803 1071 842; x_wconf 88' lang='lat' dir='ltr'><strong>alienus</strong></span> <span class='ocrx_word' id='word_1_86' title='bbox 1095 815 1202 848; x_wconf 88' lang='lat' dir='ltr'><strong>sum,</strong></span> <span class='ocrx_word' id='word_1_87' title='bbox 1232 816 1305 842; x_wconf 84' lang='lat' dir='ltr'><strong>nec</strong></span> <span class='ocrx_word' id='word_1_88' title='bbox 1326 804 1426 842; x_wconf 87' lang='lat' dir='ltr'><strong>adeo</strong></span> <span class='ocrx_word' id='word_1_89' title='bbox 1448 816 1610 856; x_wconf 88' lang='lat' dir='ltr'><strong>prorsus</strong></span> <span class='ocrx_word' id='word_1_90' title='bbox 1625 805 1736 843; x_wconf 91' lang='lat' dir='ltr'><strong>rudis</strong></span> 
     </span>
     <span class='ocr_line' id='line_1_11' title="bbox 238 872 1735 926; baseline 0.002 -16"><span class='ocrx_word' id='word_1_91' title='bbox 238 873 444 911; x_wconf 84' lang='lat' dir='ltr'><strong>»omnium</strong></span> <span class='ocrx_word' id='word_1_92' title='bbox 473 872 810 924; x_wconf 77' lang='lat' dir='ltr'><strong>disputationum,</strong></span> <span class='ocrx_word' id='word_1_93' title='bbox 840 879 884 911; x_wconf 86' lang='lat' dir='ltr'><strong>ut</strong></span> <span class='ocrx_word' id='word_1_94' title='bbox 914 885 994 911; x_wconf 93' lang='lat' dir='ltr'><strong>non</strong></span> <span class='ocrx_word' id='word_1_95' title='bbox 1024 872 1073 911; x_wconf 93' lang='grc'><strong>(16</strong></span> <span class='ocrx_word' id='word_1_96' title='bbox 1099 873 1338 924; x_wconf 81' lang='lat' dir='ltr'><strong>religionum</strong></span> <span class='ocrx_word' id='word_1_97' title='bbox 1363 874 1576 919; x_wconf 87' lang='lat' dir='ltr'><strong>varietate,</strong></span> <span class='ocrx_word' id='word_1_98' title='bbox 1606 875 1735 926; x_wconf 86' lang='lat' dir='ltr'><strong>deque</strong></span> 
     </span>
     <span class='ocr_line' id='line_1_12' title="bbox 238 941 1736 996; baseline 0.001 -15"><span class='ocrx_word' id='word_1_99' title='bbox 238 943 333 981; x_wconf 82' lang='lat' dir='ltr'><strong>»illa</strong></span> <span class='ocrx_word' id='word_1_100' title='bbox 373 941 527 980; x_wconf 77' lang='lat' dir='ltr'><strong>infinita</strong></span> <span class='ocrx_word' id='word_1_101' title='bbox 567 942 826 980; x_wconf 88' lang='lat' dir='ltr'><strong>multitudine</strong></span> <span class='ocrx_word' id='word_1_102' title='bbox 858 941 1065 996; x_wconf 86' lang='lat' dir='ltr'><strong>hominum</strong></span> <span class='ocrx_word' id='word_1_103' title='bbox 1096 950 1207 981; x_wconf 83' lang='lat' dir='ltr'><strong>extra</strong></span> <span class='ocrx_word' id='word_1_104' title='bbox 1239 942 1456 982; x_wconf 85' lang='lat' dir='ltr'><strong>Ecclesiam</strong></span> <span class='ocrx_word' id='word_1_105' title='bbox 1486 956 1600 996; x_wconf 81' lang='lat' dir='ltr'><strong>saepe</strong></span> <span class='ocrx_word' id='word_1_106' title='bbox 1631 945 1736 996; x_wconf 84' lang='lat' dir='ltr'><strong>eogi-</strong></span> 
     </span>
     <span class='ocr_line' id='line_1_13' title="bbox 238 1011 1738 1064; baseline 0.003 -17"><span class='ocrx_word' id='word_1_107' title='bbox 238 1029 254 1047; x_wconf 65' lang='lat'><strong>&gt;³</strong></span> <span class='ocrx_word' id='word_1_108' title='bbox 268 1020 360 1051; x_wconf 89' lang='lat' dir='ltr'><strong>tem.</strong></span> <span class='ocrx_word' id='word_1_109' title='bbox 422 1011 519 1058; x_wconf 71' lang='lat' dir='ltr'><strong>Quid</strong></span> <span class='ocrx_word' id='word_1_110' title='bbox 558 1011 762 1050; x_wconf 75' lang='lat' dir='ltr'><strong>absurdius</strong></span> <span class='ocrx_word' id='word_1_111' title='bbox 799 1011 956 1057; x_wconf 72' lang='lat' dir='ltr'><strong>videtur,</strong></span> <span class='ocrx_word' id='word_1_112' title='bbox 994 1024 1106 1064; x_wconf 80' lang='lat' dir='ltr'><strong>quam</strong></span> <span class='ocrx_word' id='word_1_113' title='bbox 1140 1016 1248 1051; x_wconf 72' lang='lat' dir='ltr'><strong>tanta</strong></span> <span class='ocrx_word' id='word_1_114' title='bbox 1277 1013 1432 1063; x_wconf 71' lang='lat' dir='ltr'><strong>afflnina</strong></span> <span class='ocrx_word' id='word_1_115' title='bbox 1461 1013 1573 1052; x_wconf 76' lang='lat' dir='ltr'><strong>etiam</strong></span> <span class='ocrx_word' id='word_1_116' title='bbox 1602 1013 1738 1052; x_wconf 70' lang='lat' dir='ltr'><strong>virtute</strong></span> 
     </span>
     <span class='ocr_line' id='line_1_14' title="bbox 239 1081 1737 1136; baseline 0.002 -17"><span class='ocrx_word' id='word_1_117' title='bbox 239 1081 529 1121; x_wconf 64' lang='lat' dir='ltr'><strong>»eweellemtmn</strong></span> <span class='ocrx_word' id='word_1_118' title='bbox 558 1081 709 1120; x_wconf 67' lang='lat' dir='ltr'><strong>condita</strong></span> <span class='ocrx_word' id='word_1_119' title='bbox 739 1093 816 1119; x_wconf 79' lang='lat' dir='ltr'><strong>esse</strong></span> <span class='ocrx_word' id='word_1_120' title='bbox 845 1093 869 1120; x_wconf 82' lang='lat' dir='ltr'><strong>a</strong></span> <span class='ocrx_word' id='word_1_121' title='bbox 899 1081 975 1120; x_wconf 82' lang='lat' dir='ltr'><strong>Deo</strong></span> <span class='ocrx_word' id='word_1_122' title='bbox 1004 1082 1054 1126; x_wconf 79' lang='lat' dir='ltr'><strong>ad</strong></span> <span class='ocrx_word' id='word_1_123' title='bbox 1084 1085 1276 1131; x_wconf 71' lang='lat' dir='ltr'><strong>aeternam</strong></span> <span class='ocrx_word' id='word_1_124' title='bbox 1304 1082 1498 1122; x_wconf 70' lang='lat' dir='ltr'><strong>miseriam</strong></span> <span class='ocrx_word' id='word_1_125' title='bbox 1521 1082 1585 1136; x_wconf 72' lang='lat'>⁵)„”</span> <span class='ocrx_word' id='word_1_126' title='bbox 1629 1082 1737 1128; x_wconf 83' lang='lat' dir='ltr'><strong>Quae</strong></span> 
     </span>
     <span class='ocr_line' id='line_1_15' title="bbox 239 1150 1739 1204; baseline 0.001 -13"><span class='ocrx_word' id='word_1_127' title='bbox 239 1152 381 1197; x_wconf 87' lang='lat' dir='ltr'><strong>verba,</strong></span> <span class='ocrx_word' id='word_1_128' title='bbox 413 1165 533 1203; x_wconf 90' lang='lat' dir='ltr'><strong>quum</strong></span> <span class='ocrx_word' id='word_1_129' title='bbox 565 1164 804 1203; x_wconf 77' lang='lat' dir='ltr'><strong>magnopere</strong></span> <span class='ocrx_word' id='word_1_130' title='bbox 836 1150 1133 1191; x_wconf 84' lang='lat' dir='ltr'><strong>Melanchthoni</strong></span> <span class='ocrx_word' id='word_1_131' title='bbox 1177 1151 1484 1204; x_wconf 75' lang='lat' dir='ltr'><strong>displicuerant,</strong></span> <span class='ocrx_word' id='word_1_132' title='bbox 1523 1153 1739 1193; x_wconf 77' lang='lat' dir='ltr'><strong>defendere</strong></span> 
     </span>
     <span class='ocr_line' id='line_1_16' title="bbox 239 1220 1738 1274; baseline 0.002 -15"><span class='ocrx_word' id='word_1_133' title='bbox 239 1227 404 1260; x_wconf 85' lang='lat' dir='ltr'><strong>conatus</strong></span> <span class='ocrx_word' id='word_1_134' title='bbox 433 1227 493 1260; x_wconf 84' lang='lat' dir='ltr'><strong>cst</strong></span> <span class='ocrx_word' id='word_1_135' title='bbox 523 1223 544 1259; x_wconf 76' lang='grc'><strong>6</strong></span> <span class='ocrx_word' id='word_1_136' title='bbox 577 1220 700 1260; x_wconf 85' lang='lat' dir='ltr'><strong>Lasco</strong></span> <span class='ocrx_word' id='word_1_137' title='bbox 729 1222 770 1260; x_wconf 89' lang='lat' dir='ltr'><strong>in</strong></span> <span class='ocrx_word' id='word_1_138' title='bbox 801 1221 967 1273; x_wconf 83' lang='lat' dir='ltr'><strong>epistola</strong></span> <span class='ocrx_word' id='word_1_139' title='bbox 998 1221 1243 1274; x_wconf 80' lang='lat' dir='ltr'><strong>apologetica</strong></span> <span class='ocrx_word' id='word_1_140' title='bbox 1273 1222 1322 1260; x_wconf 90' lang='lat' dir='ltr'><strong>ad</strong></span> <span class='ocrx_word' id='word_1_141' title='bbox 1352 1222 1523 1261; x_wconf 88' lang='lat' dir='ltr'><strong>eundem</strong></span> <span class='ocrx_word' id='word_1_142' title='bbox 1553 1223 1665 1267; x_wconf 83' lang='lat' dir='ltr'><strong>data,</strong></span> <span class='ocrx_word' id='word_1_143' title='bbox 1697 1223 1738 1262; x_wconf 90' lang='lat' dir='ltr'><strong>in</strong></span> 
     </span>
     <span class='ocr_line' id='line_1_17' title="bbox 240 1290 1739 1343; baseline 0.002 -15"><span class='ocrx_word' id='word_1_144' title='bbox 240 1303 316 1342; x_wconf 85' lang='lat' dir='ltr'><strong>qua</strong></span> <span class='ocrx_word' id='word_1_145' title='bbox 346 1303 439 1342; x_wconf 86' lang='lat' dir='ltr'><strong>prae</strong></span> <span class='ocrx_word' id='word_1_146' title='bbox 470 1291 611 1329; x_wconf 88' lang='lat' dir='ltr'><strong>cetctis</strong></span> <span class='ocrx_word' id='word_1_147' title='bbox 641 1290 738 1328; x_wconf 86' lang='grc'><strong>11666</strong></span> <span class='ocrx_word' id='word_1_148' title='bbox 763 1297 906 1329; x_wconf 81' lang='lat' dir='ltr'><strong>notatu</strong></span> <span class='ocrx_word' id='word_1_149' title='bbox 937 1292 1055 1343; x_wconf 85' lang='lat' dir='ltr'><strong>digna</strong></span> <span class='ocrx_word' id='word_1_150' title='bbox 1082 1292 1285 1343; x_wconf 80' lang='lat' dir='ltr'><strong>leguntur:</strong></span> <span class='ocrx_word' id='word_1_151' title='bbox 1332 1291 1526 1331; x_wconf 81' lang='lat' dir='ltr'><strong>»Causam</strong></span> <span class='ocrx_word' id='word_1_152' title='bbox 1557 1293 1739 1332; x_wconf 78' lang='lat' dir='ltr'><strong>offensio-</strong></span> 
     </span>
     <span class='ocr_line' id='line_1_18' title="bbox 240 1359 1740 1411; baseline 0.003 -14"><span class='ocrx_word' id='word_1_153' title='bbox 240 1361 331 1398; x_wconf 82' lang='lat' dir='ltr'><strong>»nis</strong></span> <span class='ocrx_word' id='word_1_154' title='bbox 360 1372 447 1398; x_wconf 89' lang='lat' dir='ltr'><strong>cam</strong></span> <span class='ocrx_word' id='word_1_155' title='bbox 477 1360 598 1398; x_wconf 85' lang='lat' dir='ltr'><strong>fuisse</strong></span> <span class='ocrx_word' id='word_1_156' title='bbox 628 1359 832 1411; x_wconf 83' lang='lat' dir='ltr'><strong>intelligo,</strong></span> <span class='ocrx_word' id='word_1_157' title='bbox 872 1361 979 1411; x_wconf 89' lang='lat' dir='ltr'><strong>quod</strong></span> <span class='ocrx_word' id='word_1_158' title='bbox 1017 1362 1057 1399; x_wconf 90' lang='lat' dir='ltr'><strong>in</strong></span> <span class='ocrx_word' id='word_1_159' title='bbox 1088 1361 1165 1399; x_wconf 85' lang='lat' dir='ltr'><strong>illis</strong></span> <span class='ocrx_word' id='word_1_160' title='bbox 1196 1362 1303 1400; x_wconf 85' lang='lat' dir='ltr'><strong>visus</strong></span> <span class='ocrx_word' id='word_1_161' title='bbox 1333 1361 1406 1400; x_wconf 80' lang='lat' dir='ltr'><strong>tibi</strong></span> <span class='ocrx_word' id='word_1_162' title='bbox 1437 1363 1531 1407; x_wconf 89' lang='lat' dir='ltr'><strong>sim,</strong></span> <span class='ocrx_word' id='word_1_163' title='bbox 1561 1363 1740 1401; x_wconf 85' lang='lat' dir='ltr'><strong>tribucre</strong></span> 
     </span>
     <span class='ocr_line' id='line_1_19' title="bbox 241 1428 1741 1482; baseline 0.003 -19"><span class='ocrx_word' id='word_1_164' title='bbox 241 1430 438 1468; x_wconf 83' lang='lat' dir='ltr'><strong>»salutem</strong></span> <span class='ocrx_word' id='word_1_165' title='bbox 478 1428 696 1467; x_wconf 85' lang='lat' dir='ltr'><strong>infantibus</strong></span> <span class='ocrx_word' id='word_1_166' title='bbox 737 1429 912 1467; x_wconf 92' lang='lat' dir='ltr'><strong>omnium</strong></span> <span class='ocrx_word' id='word_1_167' title='bbox 951 1428 1224 1469; x_wconf 85' lang='lat' dir='ltr'><strong>Ethnicorum.</strong></span> <span class='ocrx_word' id='word_1_168' title='bbox 1282 1431 1363 1482; x_wconf 84' lang='lat' dir='ltr'><strong>Ego</strong></span> <span class='ocrx_word' id='word_1_169' title='bbox 1402 1443 1519 1475; x_wconf 86' lang='lat' dir='ltr'><strong>vero,</strong></span> <span class='ocrx_word' id='word_1_170' title='bbox 1559 1432 1614 1469; x_wconf 90' lang='lat' dir='ltr'><strong>mi</strong></span> <span class='ocrx_word' id='word_1_171' title='bbox 1653 1430 1741 1468; x_wconf 88' lang='lat' dir='ltr'><strong>Phi-</strong></span> 
     </span>
     <span class='ocr_line' id='line_1_20' title="bbox 241 1498 1741 1552; baseline 0.002 -16"><span class='ocrx_word' id='word_1_172' title='bbox 241 1498 395 1551; x_wconf 76' lang='lat' dir='ltr'><strong>»lippel</strong></span> <span class='ocrx_word' id='word_1_173' title='bbox 435 1499 511 1537; x_wconf 84' lang='lat' dir='ltr'><strong>etsi</strong></span> <span class='ocrx_word' id='word_1_174' title='bbox 547 1511 626 1537; x_wconf 90' lang='lat' dir='ltr'><strong>non</strong></span> <span class='ocrx_word' id='word_1_175' title='bbox 666 1510 829 1550; x_wconf 79' lang='lat' dir='ltr'><strong>prorsus</strong></span> <span class='ocrx_word' id='word_1_176' title='bbox 867 1512 1021 1538; x_wconf 82' lang='lat' dir='ltr'><strong>caream</strong></span> <span class='ocrx_word' id='word_1_177' title='bbox 1053 1500 1271 1552; x_wconf 77' lang='lat' dir='ltr'><strong>scripturae</strong></span> <span class='ocrx_word' id='word_1_178' title='bbox 1301 1500 1561 1545; x_wconf 84' lang='lat' dir='ltr'><strong>testimoniis,</strong></span> <span class='ocrx_word' id='word_1_179' title='bbox 1598 1499 1741 1551; x_wconf 83' lang='lat' dir='ltr'><strong>quibus</strong></span> 
     </span>
     <span class='ocr_line' id='line_1_21' title="bbox 240 1566 1741 1622; baseline 0.003 -19"><span class='ocrx_word' id='word_1_180' title='bbox 240 1568 311 1607; x_wconf 85' lang='lat' dir='ltr'><strong>»id</strong></span> <span class='ocrx_word' id='word_1_181' title='bbox 339 1566 437 1606; x_wconf 88' lang='lat' dir='ltr'><strong>mihi</strong></span> <span class='ocrx_word' id='word_1_182' title='bbox 468 1569 572 1607; x_wconf 88' lang='lat' dir='ltr'><strong>tueri</strong></span> <span class='ocrx_word' id='word_1_183' title='bbox 602 1580 715 1620; x_wconf 86' lang='lat' dir='ltr'><strong>posse</strong></span> <span class='ocrx_word' id='word_1_184' title='bbox 746 1568 904 1613; x_wconf 82' lang='lat' dir='ltr'><strong>videor,</strong></span> <span class='ocrx_word' id='word_1_185' title='bbox 943 1575 983 1608; x_wconf 85' lang='lat' dir='ltr'><strong>et</strong></span> <span class='ocrx_word' id='word_1_186' title='bbox 1014 1575 1111 1621; x_wconf 86' lang='lat' dir='ltr'><strong>puto</strong></span> <span class='ocrx_word' id='word_1_187' title='bbox 1142 1569 1182 1608; x_wconf 91' lang='lat' dir='ltr'><strong>id</strong></span> <span class='ocrx_word' id='word_1_188' title='bbox 1213 1569 1261 1608; x_wconf 85' lang='lat' dir='ltr'><strong>ad</strong></span> <span class='ocrx_word' id='word_1_189' title='bbox 1293 1569 1437 1608; x_wconf 84' lang='lat' dir='ltr'><strong>Christi</strong></span> <span class='ocrx_word' id='word_1_190' title='bbox 1477 1570 1645 1622; x_wconf 86' lang='lat' dir='ltr'><strong>gloriam</strong></span> <span class='ocrx_word' id='word_1_191' title='bbox 1672 1570 1741 1608; x_wconf 90' lang='lat' dir='ltr'><strong>im·</strong></span> 
     </span>
     <span class='ocr_line' id='line_1_22' title="bbox 241 1636 1744 1690; baseline 0 -13"><span class='ocrx_word' id='word_1_192' title='bbox 241 1639 409 1690; x_wconf 86' lang='lat' dir='ltr'><strong>»primis</strong></span> <span class='ocrx_word' id='word_1_193' title='bbox 438 1637 662 1689; x_wconf 86' lang='lat' dir='ltr'><strong>pertinere,</strong></span> <span class='ocrx_word' id='word_1_194' title='bbox 693 1643 737 1675; x_wconf 85' lang='lat' dir='ltr'><strong>ut</strong></span> <span class='ocrx_word' id='word_1_195' title='bbox 766 1637 873 1675; x_wconf 85' lang='lat' dir='ltr'><strong>illius</strong></span> <span class='ocrx_word' id='word_1_196' title='bbox 904 1636 1143 1676; x_wconf 87' lang='lat' dir='ltr'><strong>heneficium</strong></span> <span class='ocrx_word' id='word_1_197' title='bbox 1173 1650 1290 1689; x_wconf 79' lang='lat' dir='ltr'><strong>quam</strong></span> <span class='ocrx_word' id='word_1_198' title='bbox 1315 1638 1504 1676; x_wconf 81' lang='lat' dir='ltr'><strong>latissime</strong></span> <span class='ocrx_word' id='word_1_199' title='bbox 1529 1644 1664 1690; x_wconf 86' lang='lat' dir='ltr'><strong>patere</strong></span> <span class='ocrx_word' id='word_1_200' title='bbox 1694 1650 1744 1677; x_wconf 83' lang='lat' dir='ltr'><strong>cx</strong></span> 
     </span>
     <span class='ocr_line' id='line_1_23' title="bbox 242 1706 1739 1760; baseline 0 -14"><span class='ocrx_word' id='word_1_201' title='bbox 242 1725 257 1743; x_wconf 66' lang='lat'><strong>&gt;³</strong></span> <span class='ocrx_word' id='word_1_202' title='bbox 272 1707 393 1747; x_wconf 84' lang='lat' dir='ltr'><strong>verbo</strong></span> <span class='ocrx_word' id='word_1_203' title='bbox 434 1706 504 1745; x_wconf 87' lang='lat' dir='ltr'><strong>Dei</strong></span> <span class='ocrx_word' id='word_1_204' title='bbox 544 1706 755 1746; x_wconf 88' lang='lat' dir='ltr'><strong>doceamus</strong></span> <span class='ocrx_word' id='word_1_205' title='bbox 790 1713 883 1746; x_wconf 86' lang='lat' dir='ltr'><strong>cett.</strong></span> <span class='ocrx_word' id='word_1_206' title='bbox 908 1706 973 1760; x_wconf 75' lang='lat'>⁶).”</span> <span class='ocrx_word' id='word_1_207' title='bbox 1031 1706 1140 1752; x_wconf 83' lang='lat' dir='ltr'><strong>Quae</strong></span> <span class='ocrx_word' id='word_1_208' title='bbox 1177 1707 1298 1747; x_wconf 85' lang='lat' dir='ltr'><strong>verba</strong></span> <span class='ocrx_word' id='word_1_209' title='bbox 1336 1708 1604 1747; x_wconf 86' lang='lat' dir='ltr'><strong>liberaliorem</strong></span> <span class='ocrx_word' id='word_1_210' title='bbox 1646 1719 1739 1746; x_wconf 85' lang='grc'><strong>56116</strong></span> 
     </span>
     <span class='ocr_line' id='line_1_24' title="bbox 241 1775 1741 1827; baseline -0.001 -11"><span class='ocrx_word' id='word_1_211' title='bbox 241 1777 387 1817; x_wconf 86' lang='lat' dir='ltr'><strong>mentis</strong></span> <span class='ocrx_word' id='word_1_212' title='bbox 417 1775 677 1815; x_wconf 84' lang='lat' dir='ltr'><strong>directionem</strong></span> <span class='ocrx_word' id='word_1_213' title='bbox 709 1775 880 1827; x_wconf 84' lang='lat' dir='ltr'><strong>spirant,</strong></span> <span class='ocrx_word' id='word_1_214' title='bbox 920 1787 1037 1826; x_wconf 86' lang='lat' dir='ltr'><strong>quam</strong></span> <span class='ocrx_word' id='word_1_215' title='bbox 1076 1781 1120 1813; x_wconf 89' lang='lat' dir='ltr'><strong>ut</strong></span> <span class='ocrx_word' id='word_1_216' title='bbox 1159 1775 1279 1814; x_wconf 90' lang='lat' dir='ltr'><strong>solius</strong></span> <span class='ocrx_word' id='word_1_217' title='bbox 1318 1775 1514 1815; x_wconf 86' lang='lat' dir='ltr'><strong>salvificae</strong></span> <span class='ocrx_word' id='word_1_218' title='bbox 1543 1775 1741 1815; x_wconf 86' lang='lat' dir='ltr'><strong>Ecclesiae</strong></span> 
     </span>
     <span class='ocr_line' id='line_1_25' title="bbox 243 1829 1740 1899; baseline -0.001 -13"><span class='ocrx_word' id='word_1_219' title='bbox 243 1848 386 1899; x_wconf 87' lang='lat' dir='ltr'><strong>dogma</strong></span> <span class='ocrx_word' id='word_1_220' title='bbox 424 1846 511 1884; x_wconf 90' lang='lat' dir='ltr'><strong>iurc</strong></span> <span class='ocrx_word' id='word_1_221' title='bbox 551 1843 672 1883; x_wconf 88' lang='lat' dir='ltr'><strong>Lasco</strong></span> <span class='ocrx_word' id='word_1_222' title='bbox 704 1844 864 1883; x_wconf 81' lang='lat' dir='ltr'><strong>obtrudi</strong></span> <span class='ocrx_word' id='word_1_223' title='bbox 900 1829 1042 1896; x_wconf 84' lang='lat' dir='ltr'><strong>posset.</strong></span> <span class='ocrx_word' id='word_1_224' title='bbox 1102 1843 1250 1889; x_wconf 81' lang='lat' dir='ltr'><strong>Quodsi</strong></span> <span class='ocrx_word' id='word_1_225' title='bbox 1281 1851 1413 1887; x_wconf 85' lang='lat' dir='ltr'><strong>tamen</strong></span> <span class='ocrx_word' id='word_1_226' title='bbox 1443 1847 1485 1885; x_wconf 92' lang='lat' dir='ltr'><strong>in</strong></span> <span class='ocrx_word' id='word_1_227' title='bbox 1515 1846 1654 1885; x_wconf 87' lang='lat' dir='ltr'><strong>vicinis</strong></span> <span class='ocrx_word' id='word_1_228' title='bbox 1684 1846 1740 1885; x_wconf 91' lang='lat' dir='ltr'><strong>di-</strong></span> 
     </span>
     <span class='ocr_line' id='line_1_26' title="bbox 245 1913 1742 1967; baseline -0.001 -12"><span class='ocrx_word' id='word_1_229' title='bbox 245 1923 350 1956; x_wconf 88' lang='lat' dir='ltr'><strong>sertc</strong></span> <span class='ocrx_word' id='word_1_230' title='bbox 389 1915 503 1954; x_wconf 89' lang='lat' dir='ltr'><strong>nobis</strong></span> <span class='ocrx_word' id='word_1_231' title='bbox 542 1921 731 1953; x_wconf 87' lang='lat' dir='ltr'><strong>testatur:</strong></span> <span class='ocrx_word' id='word_1_232' title='bbox 777 1913 977 1952; x_wconf 76' lang='lat' dir='ltr'><strong>»Tantum</strong></span> <span class='ocrx_word' id='word_1_233' title='bbox 1013 1914 1143 1958; x_wconf 88' lang='lat' dir='ltr'><strong>abest,</strong></span> <span class='ocrx_word' id='word_1_234' title='bbox 1184 1921 1228 1952; x_wconf 91' lang='lat' dir='ltr'><strong>ut</strong></span> <span class='ocrx_word' id='word_1_235' title='bbox 1266 1915 1404 1954; x_wconf 84' lang='lat' dir='ltr'><strong>salutis</strong></span> <span class='ocrx_word' id='word_1_236' title='bbox 1442 1915 1742 1967; x_wconf 87' lang='lat' dir='ltr'><strong>promissionem</strong></span> 
     </span>
     <span class='ocr_line' id='line_1_27' title="bbox 247 1983 1744 2037; baseline 0.002 -16"><span class='ocrx_word' id='word_1_237' title='bbox 247 1985 324 2024; x_wconf 82' lang='lat' dir='ltr'><strong>»ad</strong></span> <span class='ocrx_word' id='word_1_238' title='bbox 363 1991 521 2024; x_wconf 88' lang='lat' dir='ltr'><strong>coetum</strong></span> <span class='ocrx_word' id='word_1_239' title='bbox 560 1984 772 2036; x_wconf 90' lang='lat' dir='ltr'><strong>impiorum</strong></span> <span class='ocrx_word' id='word_1_240' title='bbox 812 1983 1031 2022; x_wconf 84' lang='lat' dir='ltr'><strong>transferre</strong></span> <span class='ocrx_word' id='word_1_241' title='bbox 1071 1984 1264 2023; x_wconf 86' lang='lat' dir='ltr'><strong>voluerim</strong></span> <span class='ocrx_word' id='word_1_242' title='bbox 1295 1984 1366 2037; x_wconf 78' lang='lat'><strong>⁷),&#39;&#39;</strong></span> <span class='ocrx_word' id='word_1_243' title='bbox 1411 1986 1431 2023; x_wconf 78' lang='grc'><strong>6</strong></span> <span class='ocrx_word' id='word_1_244' title='bbox 1470 1984 1591 2023; x_wconf 85' lang='lat' dir='ltr'><strong>Lasco</strong></span> <span class='ocrx_word' id='word_1_245' title='bbox 1630 1985 1744 2024; x_wconf 89' lang='lat' dir='ltr'><strong>nobis</strong></span> 
     </span>
     <span class='ocr_line' id='line_1_28' title="bbox 247 2053 1743 2107; baseline 0 -13"><span class='ocrx_word' id='word_1_246' title='bbox 247 2061 483 2107; x_wconf 87' lang='lat' dir='ltr'><strong>argumento</strong></span> <span class='ocrx_word' id='word_1_247' title='bbox 513 2061 593 2099; x_wconf 86' lang='lat' dir='ltr'><strong>est,</strong></span> <span class='ocrx_word' id='word_1_248' title='bbox 624 2067 741 2105; x_wconf 85' lang='lat' dir='ltr'><strong>quam</strong></span> <span class='ocrx_word' id='word_1_249' title='bbox 771 2066 891 2106; x_wconf 83' lang='lat' dir='ltr'><strong>grave</strong></span> <span class='ocrx_word' id='word_1_250' title='bbox 921 2053 971 2091; x_wconf 86' lang='lat' dir='ltr'><strong>sit</strong></span> <span class='ocrx_word' id='word_1_251' title='bbox 1002 2066 1046 2092; x_wconf 89' lang='grc'><strong>66</strong></span> <span class='ocrx_word' id='word_1_252' title='bbox 1075 2053 1234 2093; x_wconf 83' lang='lat' dir='ltr'><strong>difficile</strong></span> <span class='ocrx_word' id='word_1_253' title='bbox 1264 2054 1531 2094; x_wconf 79' lang='lat' dir='ltr'><strong>inveteratum</strong></span> <span class='ocrx_word' id='word_1_254' title='bbox 1556 2061 1743 2094; x_wconf 79' lang='lat' dir='ltr'><strong>excutere</strong></span> 
     </span>
     <span class='ocr_line' id='line_1_29' title="bbox 247 2123 1744 2175; baseline -0.001 -12"><span class='ocrx_word' id='word_1_255' title='bbox 247 2137 446 2169; x_wconf 86' lang='lat' dir='ltr'><strong>errorem,</strong></span> <span class='ocrx_word' id='word_1_256' title='bbox 485 2124 554 2175; x_wconf 91' lang='lat' dir='ltr'><strong>qui</strong></span> <span class='ocrx_word' id='word_1_257' title='bbox 590 2136 661 2175; x_wconf 90' lang='lat' dir='ltr'><strong>per</strong></span> <span class='ocrx_word' id='word_1_258' title='bbox 697 2123 867 2162; x_wconf 87' lang='lat' dir='ltr'><strong>multum</strong></span> <span class='ocrx_word' id='word_1_259' title='bbox 907 2124 1156 2162; x_wconf 85' lang='lat' dir='ltr'><strong>sacculorum</strong></span> <span class='ocrx_word' id='word_1_260' title='bbox 1194 2123 1407 2163; x_wconf 89' lang='lat' dir='ltr'><strong>decursum</strong></span> <span class='ocrx_word' id='word_1_261' title='bbox 1445 2131 1526 2163; x_wconf 80' lang='lat' dir='ltr'><strong>tam</strong></span> <span class='ocrx_word' id='word_1_262' title='bbox 1565 2126 1663 2164; x_wconf 84' lang='lat' dir='ltr'><strong>altas</strong></span> <span class='ocrx_word' id='word_1_263' title='bbox 1702 2125 1744 2164; x_wconf 91' lang='lat' dir='ltr'><strong>in</strong></span> 
     </span>
     <span class='ocr_line' id='line_1_30' title="bbox 248 2193 1744 2247; baseline 0 -14"><span class='ocrx_word' id='word_1_264' title='bbox 248 2195 435 2233; x_wconf 88' lang='lat' dir='ltr'><strong>universo</strong></span> <span class='ocrx_word' id='word_1_265' title='bbox 473 2193 649 2232; x_wconf 89' lang='lat' dir='ltr'><strong>humano</strong></span> <span class='ocrx_word' id='word_1_266' title='bbox 688 2205 836 2245; x_wconf 83' lang='lat' dir='ltr'><strong>genere</strong></span> <span class='ocrx_word' id='word_1_267' title='bbox 875 2194 958 2245; x_wconf 84' lang='lat' dir='ltr'><strong>egit</strong></span> <span class='ocrx_word' id='word_1_268' title='bbox 987 2193 1140 2232; x_wconf 88' lang='lat' dir='ltr'><strong>radices</strong></span> <span class='ocrx_word' id='word_1_269' title='bbox 1176 2200 1216 2232; x_wconf 91' lang='lat' dir='ltr'><strong>ct</strong></span> <span class='ocrx_word' id='word_1_270' title='bbox 1245 2195 1444 2234; x_wconf 91' lang='lat' dir='ltr'><strong>communi</strong></span> <span class='ocrx_word' id='word_1_271' title='bbox 1475 2195 1649 2234; x_wconf 87' lang='lat' dir='ltr'><strong>omnium</strong></span> <span class='ocrx_word' id='word_1_272' title='bbox 1681 2208 1744 2247; x_wconf 89' lang='lat' dir='ltr'><strong>ap-</strong></span> 
     </span>
     <span class='ocr_line' id='line_1_31' title="bbox 248 2261 768 2315; baseline -0.002 -14"><span class='ocrx_word' id='word_1_273' title='bbox 248 2264 389 2315; x_wconf 84' lang='lat' dir='ltr'><strong>plausu</strong></span> <span class='ocrx_word' id='word_1_274' title='bbox 418 2261 628 2314; x_wconf 84' lang='lat' dir='ltr'><strong>approhari</strong></span> <span class='ocrx_word' id='word_1_275' title='bbox 656 2261 768 2300; x_wconf 83' lang='lat' dir='ltr'><strong>solet.</strong></span> 
     </span>
    </p>

    <p class='ocr_par' dir='ltr' id='par_1_3' title="bbox 251 2331 1754 2595">
     <span class='ocr_line' id='line_1_32' title="bbox 303 2331 1745 2383; baseline 0.002 -13"><span class='ocrx_word' id='word_1_276' title='bbox 303 2332 515 2370; x_wconf 83' lang='lat' dir='ltr'><strong>Ecclesiam</strong></span> <span class='ocrx_word' id='word_1_277' title='bbox 545 2343 662 2383; x_wconf 88' lang='lat' dir='ltr'><strong>porro</strong></span> <span class='ocrx_word' id='word_1_278' title='bbox 691 2342 808 2369; x_wconf 73' lang='lat' dir='ltr'><strong>unam</strong></span> <span class='ocrx_word' id='word_1_279' title='bbox 836 2343 943 2376; x_wconf 87' lang='lat' dir='ltr'><strong>esse,</strong></span> <span class='ocrx_word' id='word_1_280' title='bbox 974 2335 1144 2370; x_wconf 75' lang='lat' dir='ltr'><strong>sanctam</strong></span> <span class='ocrx_word' id='word_1_281' title='bbox 1168 2337 1287 2383; x_wconf 87' lang='lat' dir='ltr'><strong>atquc</strong></span> <span class='ocrx_word' id='word_1_282' title='bbox 1314 2331 1538 2372; x_wconf 74' lang='lat' dir='ltr'><strong>catholicam</strong></span> <span class='ocrx_word' id='word_1_283' title='bbox 1562 2334 1745 2373; x_wconf 89' lang='lat' dir='ltr'><strong>solemni-</strong></span> 
     </span>
     <span class='ocr_line' id='line_1_33' title="bbox 251 2400 1746 2453; baseline 0.002 -14"><span class='ocrx_word' id='word_1_284' title='bbox 251 2408 313 2439; x_wconf 80' lang='lat' dir='ltr'><strong>tcr</strong></span> <span class='ocrx_word' id='word_1_285' title='bbox 342 2407 480 2440; x_wconf 84' lang='lat' dir='ltr'><strong>noster</strong></span> <span class='ocrx_word' id='word_1_286' title='bbox 509 2400 726 2440; x_wconf 85' lang='lat' dir='ltr'><strong>confitetur</strong></span> <span class='ocrx_word' id='word_1_287' title='bbox 755 2401 796 2439; x_wconf 90' lang='lat' dir='ltr'><strong>in</strong></span> <span class='ocrx_word' id='word_1_288' title='bbox 825 2413 872 2440; x_wconf 89' lang='lat' dir='ltr'><strong>eo</strong></span> <span class='ocrx_word' id='word_1_289' title='bbox 904 2400 1082 2453; x_wconf 85' lang='lat' dir='ltr'><strong>Symboli</strong></span> <span class='ocrx_word' id='word_1_290' title='bbox 1113 2401 1302 2446; x_wconf 84' lang='lat' dir='ltr'><strong>articulo,</strong></span> <span class='ocrx_word' id='word_1_291' title='bbox 1342 2402 1408 2452; x_wconf 86' lang='lat' dir='ltr'><strong>qui</strong></span> <span class='ocrx_word' id='word_1_292' title='bbox 1448 2409 1507 2441; x_wconf 85' lang='grc'><strong>651</strong></span> <span class='ocrx_word' id='word_1_293' title='bbox 1537 2403 1585 2442; x_wconf 89' lang='grc'><strong>(16</strong></span> <span class='ocrx_word' id='word_1_294' title='bbox 1616 2403 1746 2442; x_wconf 87' lang='grc' dir='ltr'><strong>Ε6616-</strong></span> 
     </span>
     <span class='ocr_line' id='line_1_34' title="bbox 252 2470 1754 2524; baseline 0.001 -14"><span class='ocrx_word' id='word_1_295' title='bbox 252 2471 306 2509; x_wconf 83' lang='lat' dir='ltr'><strong>sia</strong></span> <span class='ocrx_word' id='word_1_296' title='bbox 331 2470 380 2524; x_wconf 80' lang='lat'><strong>3),</strong></span> <span class='ocrx_word' id='word_1_297' title='bbox 411 2477 451 2510; x_wconf 90' lang='lat' dir='ltr'><strong>et</strong></span> <span class='ocrx_word' id='word_1_298' title='bbox 481 2484 598 2522; x_wconf 88' lang='lat' dir='ltr'><strong>quem</strong></span> <span class='ocrx_word' id='word_1_299' title='bbox 629 2471 680 2510; x_wconf 87' lang='lat' dir='ltr'><strong>sit</strong></span> <span class='ocrx_word' id='word_1_300' title='bbox 709 2471 826 2523; x_wconf 84' lang='lat' dir='ltr'><strong>legit:</strong></span> <span class='ocrx_word' id='word_1_301' title='bbox 871 2470 1028 2510; x_wconf 80' lang='lat' dir='ltr'><strong>»Credo</strong></span> <span class='ocrx_word' id='word_1_302' title='bbox 1067 2484 1186 2510; x_wconf 87' lang='lat' dir='ltr'><strong>unam</strong></span> <span class='ocrx_word' id='word_1_303' title='bbox 1225 2477 1400 2511; x_wconf 81' lang='lat' dir='ltr'><strong>sanctam</strong></span> <span class='ocrx_word' id='word_1_304' title='bbox 1439 2472 1650 2512; x_wconf 87' lang='lat' dir='ltr'><strong>Ecclesiam</strong></span> <span class='ocrx_word' id='word_1_305' title='bbox 1680 2473 1754 2512; x_wconf 58' lang='grc' dir='ltr'><strong>(36-ι</strong></span> 
     </span>
     <span class='ocr_line' id='line_1_35' title="bbox 253 2539 1748 2595; baseline 0.003 -18"><span class='ocrx_word' id='word_1_306' title='bbox 253 2539 470 2579; x_wconf 68' lang='grc'><strong>»11101166111</strong></span> <span class='ocrx_word' id='word_1_307' title='bbox 495 2540 569 2594; x_wconf 80' lang='lat'>⁰)‚&#39;&#39;</span> <span class='ocrx_word' id='word_1_308' title='bbox 598 2539 753 2593; x_wconf 84' lang='lat' dir='ltr'><strong>(omissa</strong></span> <span class='ocrx_word' id='word_1_309' title='bbox 784 2541 1076 2593; x_wconf 84' lang='lat' dir='ltr'><strong>praepositione</strong></span> <span class='ocrx_word' id='word_1_310' title='bbox 1106 2540 1147 2579; x_wconf 75' lang='lat' dir='ltr'><strong>in</strong></span> <span class='ocrx_word' id='word_1_311' title='bbox 1176 2547 1216 2580; x_wconf 87' lang='lat' dir='ltr'><strong>et</strong></span> <span class='ocrx_word' id='word_1_312' title='bbox 1246 2541 1473 2593; x_wconf 86' lang='lat' dir='ltr'><strong>praedicato</strong></span> <span class='ocrx_word' id='word_1_313' title='bbox 1512 2541 1748 2595; x_wconf 75' lang='lat' dir='ltr'><strong>Apostolica).</strong></span> 
     </span>
    </p>
   </div>
   <div class='ocr_carea' id='block_1_3' title="bbox 307 2695 1749 2792">
    <p class='ocr_par' dir='ltr' id='par_1_4' title="bbox 307 2695 1749 2792">
     <span class='ocr_line' id='line_1_36' title="bbox 307 2695 1749 2747; baseline 0.001 -20"><span class='ocrx_word' id='word_1_314' title='bbox 307 2697 332 2737; x_wconf 72' lang='lat'><strong>⁴)</strong></span> <span class='ocrx_word' id='word_1_315' title='bbox 359 2696 472 2728; x_wconf 78' lang='lat' dir='ltr'><strong>Forma</strong></span> <span class='ocrx_word' id='word_1_316' title='bbox 495 2706 534 2727; x_wconf 79' lang='lat' dir='ltr'><strong>ac</strong></span> <span class='ocrx_word' id='word_1_317' title='bbox 556 2698 618 2727; x_wconf 78' lang='lat' dir='ltr'><strong>rat.</strong></span> <span class='ocrx_word' id='word_1_318' title='bbox 635 2695 707 2729; x_wconf 76' lang='lat' dir='ltr'><strong>min.</strong></span> <span class='ocrx_word' id='word_1_319' title='bbox 724 2696 823 2729; x_wconf 77' lang='lat' dir='ltr'><strong>Lond.</strong></span> <span class='ocrx_word' id='word_1_320' title='bbox 838 2706 869 2738; x_wconf 85' lang='lat' dir='ltr'><strong>p.</strong></span> <span class='ocrx_word' id='word_1_321' title='bbox 887 2696 961 2727; x_wconf 84' lang='lat'>166.</span> <span class='ocrx_word' id='word_1_322' title='bbox 1052 2695 1078 2736; x_wconf 85' lang='grc'><strong>5)</strong></span> <span class='ocrx_word' id='word_1_323' title='bbox 1102 2695 1158 2738; x_wconf 60' lang='lat' dir='ltr'><strong>Ep.</strong></span> <span class='ocrx_word' id='word_1_324' title='bbox 1176 2695 1220 2727; x_wconf 77' lang='lat' dir='ltr'><strong>ad</strong></span> <span class='ocrx_word' id='word_1_325' title='bbox 1234 2696 1274 2728; x_wconf 90' lang='lat' dir='ltr'><strong>N.</strong></span> <span class='ocrx_word' id='word_1_326' title='bbox 1289 2697 1330 2728; x_wconf 92' lang='lat' dir='ltr'><strong>N.</strong></span> <span class='ocrx_word' id='word_1_327' title='bbox 1348 2697 1429 2737; x_wconf 74' lang='lat' dir='ltr'><strong>(Ser.</strong></span> <span class='ocrx_word' id='word_1_328' title='bbox 1447 2699 1512 2729; x_wconf 77' lang='lat' dir='ltr'><strong>ant.</strong></span> <span class='ocrx_word' id='word_1_329' title='bbox 1526 2696 1569 2728; x_wconf 89' lang='grc' dir='ltr'><strong>ΙῙ.</strong></span> <span class='ocrx_word' id='word_1_330' title='bbox 1589 2697 1633 2728; x_wconf 66' lang='lat'><strong>12¹.</strong></span> <span class='ocrx_word' id='word_1_331' title='bbox 1651 2696 1749 2747; x_wconf 57' lang='lat'>4892).</span> 
     </span>
     <span class='ocr_line' id='line_1_37' title="bbox 309 2750 1054 2792; baseline 0 -10"><span class='ocrx_word' id='word_1_332' title='bbox 309 2751 333 2791; x_wconf 77' lang='grc'><strong>6)</strong></span> <span class='ocrx_word' id='word_1_333' title='bbox 361 2752 423 2792; x_wconf 76' lang='lat' dir='ltr'><strong>Ep.</strong></span> <span class='ocrx_word' id='word_1_334' title='bbox 447 2751 491 2782; x_wconf 81' lang='lat' dir='ltr'><strong>ad</strong></span> <span class='ocrx_word' id='word_1_335' title='bbox 511 2751 706 2783; x_wconf 60' lang='lat' dir='ltr'><strong>Melancktll.</strong></span> <span class='ocrx_word' id='word_1_336' title='bbox 732 2750 785 2790; x_wconf 87' lang='lat' dir='ltr'><strong>(ib.</strong></span> <span class='ocrx_word' id='word_1_337' title='bbox 810 2751 856 2783; x_wconf 87' lang='lat' dir='ltr'><strong>H.</strong></span> <span class='ocrx_word' id='word_1_338' title='bbox 882 2751 927 2782; x_wconf 66' lang='lat'><strong>1³.</strong></span> <span class='ocrx_word' id='word_1_339' title='bbox 951 2750 1054 2791; x_wconf 56' lang='lat'>498).</span> 
     </span>
    </p>
   </div>
   <div class='ocr_carea' id='block_1_4' title="bbox 258 2806 1749 2904">
    <p class='ocr_par' dir='ltr' id='par_1_5' title="bbox 258 2806 1749 2904">
     <span class='ocr_line' id='line_1_38' title="bbox 309 2806 1749 2862; baseline 0.003 -25"><span class='ocrx_word' id='word_1_340' title='bbox 309 2806 333 2847; x_wconf 80' lang='lat'><strong>⁷)</strong></span> <span class='ocrx_word' id='word_1_341' title='bbox 360 2806 407 2839; x_wconf 87' lang='lat' dir='ltr'><strong>Ib.</strong></span> <span class='ocrx_word' id='word_1_342' title='bbox 432 2817 462 2847; x_wconf 84' lang='lat' dir='ltr'><strong>p.</strong></span> <span class='ocrx_word' id='word_1_343' title='bbox 489 2806 563 2838; x_wconf 87' lang='lat'>500.</span> <span class='ocrx_word' id='word_1_344' title='bbox 587 2806 635 2839; x_wconf 87' lang='lat' dir='ltr'><strong>Cf.</strong></span> <span class='ocrx_word' id='word_1_345' title='bbox 659 2807 715 2848; x_wconf 77' lang='lat' dir='ltr'><strong>Ep.</strong></span> <span class='ocrx_word' id='word_1_346' title='bbox 739 2806 784 2838; x_wconf 77' lang='lat' dir='ltr'><strong>ad</strong></span> <span class='ocrx_word' id='word_1_347' title='bbox 806 2807 846 2839; x_wconf 90' lang='lat' dir='ltr'><strong>N.</strong></span> <span class='ocrx_word' id='word_1_348' title='bbox 860 2808 902 2840; x_wconf 88' lang='lat' dir='ltr'><strong>N.</strong></span> <span class='ocrx_word' id='word_1_349' title='bbox 925 2807 1005 2848; x_wconf 77' lang='lat' dir='ltr'><strong>(Ser.</strong></span> <span class='ocrx_word' id='word_1_350' title='bbox 1029 2809 1094 2839; x_wconf 76' lang='lat' dir='ltr'><strong>ant.</strong></span> <span class='ocrx_word' id='word_1_351' title='bbox 1120 2807 1164 2839; x_wconf 88' lang='lat' dir='ltr'><strong>II.</strong></span> <span class='ocrx_word' id='word_1_352' title='bbox 1191 2808 1236 2862; x_wconf 50' lang='lat' dir='ltr'><strong>lif.</strong></span> <span class='ocrx_word' id='word_1_353' title='bbox 1261 2807 1360 2848; x_wconf 84' lang='lat'>499.).</span> <span class='ocrx_word' id='word_1_354' title='bbox 1390 2808 1502 2840; x_wconf 74' lang='lat' dir='ltr'><strong>Forma</strong></span> <span class='ocrx_word' id='word_1_355' title='bbox 1525 2817 1564 2840; x_wconf 81' lang='lat' dir='ltr'><strong>ac</strong></span> <span class='ocrx_word' id='word_1_356' title='bbox 1590 2809 1651 2840; x_wconf 75' lang='lat' dir='ltr'><strong>rat.</strong></span> <span class='ocrx_word' id='word_1_357' title='bbox 1675 2806 1749 2841; x_wconf 79' lang='lat' dir='ltr'><strong>min.</strong></span> 
     </span>
     <span class='ocr_line' id='line_1_39' title="bbox 258 2862 508 2904; baseline 0 -10"><span class='ocrx_word' id='word_1_358' title='bbox 258 2862 354 2894; x_wconf 76' lang='lat' dir='ltr'><em>Lond.</em></span> <span class='ocrx_word' id='word_1_359' title='bbox 378 2873 408 2904; x_wconf 88' lang='lat' dir='ltr'><strong>p.</strong></span> <span class='ocrx_word' id='word_1_360' title='bbox 434 2862 508 2895; x_wconf 73' lang='lat'>343.</span> 
     </span>
    </p>
   </div>
   <div class='ocr_carea' id='block_1_5' title="bbox 296 2916 1250 3014">
    <p class='ocr_par' dir='ltr' id='par_1_6' title="bbox 296 2916 1250 3014">
     <span class='ocr_line' id='line_1_40' title="bbox 296 2916 1250 2959; baseline 0.001 -9"><span class='ocrx_word' id='word_1_361' title='bbox 296 2917 321 2958; x_wconf 72' lang='lat' dir='ltr'><strong>S)</strong></span> <span class='ocrx_word' id='word_1_362' title='bbox 348 2918 462 2950; x_wconf 80' lang='lat' dir='ltr'><strong>Forma</strong></span> <span class='ocrx_word' id='word_1_363' title='bbox 484 2927 523 2949; x_wconf 79' lang='lat' dir='ltr'><strong>ac</strong></span> <span class='ocrx_word' id='word_1_364' title='bbox 545 2920 606 2949; x_wconf 78' lang='lat' dir='ltr'><strong>rat.</strong></span> <span class='ocrx_word' id='word_1_365' title='bbox 631 2917 703 2949; x_wconf 73' lang='lat' dir='ltr'><strong>min.</strong></span> <span class='ocrx_word' id='word_1_366' title='bbox 727 2916 824 2949; x_wconf 79' lang='lat' dir='ltr'><strong>Lond.</strong></span> <span class='ocrx_word' id='word_1_367' title='bbox 849 2928 879 2959; x_wconf 88' lang='lat' dir='ltr'><strong>p.</strong></span> <span class='ocrx_word' id='word_1_368' title='bbox 904 2917 962 2955; x_wconf 81' lang='lat'><strong>94,</strong></span> <span class='ocrx_word' id='word_1_369' title='bbox 987 2916 1046 2956; x_wconf 82' lang='lat'><strong>95,</strong></span> <span class='ocrx_word' id='word_1_370' title='bbox 1072 2918 1151 2956; x_wconf 70' lang='grc'><strong>174,-</strong></span> <span class='ocrx_word' id='word_1_371' title='bbox 1177 2918 1250 2951; x_wconf 81' lang='grc'><strong>629.</strong></span> 
     </span>
     <span class='ocr_line' id='line_1_41' title="bbox 313 2971 1110 3014; baseline 0 -9"><span class='ocrx_word' id='word_1_372' title='bbox 313 2974 337 3013; x_wconf 81' lang='lat'><strong>⁹)</strong></span> <span class='ocrx_word' id='word_1_373' title='bbox 362 2972 410 3007; x_wconf 78' lang='lat' dir='ltr'><strong>lb.</strong></span> <span class='ocrx_word' id='word_1_374' title='bbox 436 2972 493 3012; x_wconf 81' lang='lat'><strong>73,</strong></span> <span class='ocrx_word' id='word_1_375' title='bbox 519 2971 592 3006; x_wconf 85' lang='grc'><strong>176.</strong></span> <span class='ocrx_word' id='word_1_376' title='bbox 617 2971 664 3004; x_wconf 83' lang='lat' dir='ltr'><strong>Cf.</strong></span> <span class='ocrx_word' id='word_1_377' title='bbox 692 2972 760 3005; x_wconf 78' lang='lat' dir='ltr'><strong>Cat.</strong></span> <span class='ocrx_word' id='word_1_378' title='bbox 782 2972 881 3006; x_wconf 76' lang='lat' dir='ltr'><strong>Lond.</strong></span> <span class='ocrx_word' id='word_1_379' title='bbox 905 2973 977 3008; x_wconf 75' lang='lat' dir='ltr'><strong>mai.</strong></span> <span class='ocrx_word' id='word_1_380' title='bbox 1001 2983 1033 3014; x_wconf 83' lang='lat' dir='ltr'><strong>p.</strong></span> <span class='ocrx_word' id='word_1_381' title='bbox 1058 2972 1110 3008; x_wconf 82' lang='grc'><strong>76.</strong></span> 
     </span>
    </p>
   </div>
  </div>
 </body>
</html>
