1879 3239
910 67 962 106 10

654 215 681 269 §⁸
711 217 746 255 4.
804 214 999 255 Ecclesiae
1028 216 1200 257 historia.

239 338 296 377 Ne
336 340 396 378 vel
427 339 596 391 digitum
627 341 749 378 latum
781 338 966 378 Calvinus
997 340 1037 378 in
1070 340 1234 380 historia
1266 340 1538 383 Ecclesiastica
1569 358 1684 398 expo-

187 406 318 445 nenda
350 407 525 445 deviavit
555 420 574 444 a
601 407 781 450 tramite,
811 419 929 457 quem
955 408 1003 446 ab
1029 407 1202 448 Eusebio
1229 404 1492 451 monstratum
1518 415 1684 466 ingressi

188 482 281 515 sunt
334 475 480 514 dehinc
525 488 681 519 omnes,
731 475 797 526 qui
838 475 877 514 in
918 475 1140 516 Christiana
1181 477 1379 518 Ecclesiae
1413 479 1578 520 historia
1609 490 1686 521 tra-

187 544 316 583 denda
347 551 594 583 navaverunt
625 556 806 595 operam,
836 545 962 584 donce
994 547 1154 586 tandem
1180 561 1201 586 a
1228 547 1446 588 Moshemio
1471 534 1704 590 derelictus

187 619 267 658 est,
305 620 345 652 et
376 625 492 664 quem
520 612 666 664 optime
692 612 875 652 definivit
902 627 1068 654 nisurus:
1126 617 1219 656 »die
1247 617 1443 657 abstracte
1471 619 1686 659 Transcen-

187 683 317 721 »denz
349 682 421 720 der
450 681 532 719 sich
573 681 942 722 ausschliessenden
974 683 1216 736 Gcgensiitze
1250 686 1312 739 1).”
1357 687 1577 728 Antithesis
1603 690 1686 735 illa,

186 751 313 803 qualis
352 750 566 802 paullisper
604 763 624 788 a
664 749 984 791 protestantibus
1023 766 1093 804 pro
1123 767 1256 793 rerum
1288 756 1516 796 conditione
1547 759 1687 798 immu-

186 826 268 858 tata
317 826 397 863 est,
441 819 589 871 optime
627 820 884 872 cognoscitur
922 822 961 860 in
1003 822 1163 861 Centur.
1213 822 1392 876 Magdeb.
1432 828 1686 873 auctoribus,

186 888 330 940 quibus
359 888 530 927 firmiter
560 896 646 928 erat
676 902 931 941 persuasum,
976 891 1095 930 »dass
1126 892 1198 931 der
1227 892 1345 945 Papst
1371 894 1443 933 der
1468 895 1688 936 Antichrist

186 958 272 996 »sei
291 958 340 1011 2),
381 958 463 997 und
493 958 614 997 daher
644 959 743 998 auch
775 960 816 998 in
847 960 919 999 der
949 959 1114 1011 Kirche,
1144 962 1286 1000 soweit
1317 963 1374 1001 sie
1405 976 1481 1002 von
1507 965 1597 1004 dem
1628 968 1688 1005 rii·

185 1027 391 1066 »misehen
423 1026 585 1066 Bisehos
609 1028 845 1067 beherrscht
880 1031 951 1074 ist,
987 1043 1064 1068 nur
1094 1031 1162 1069 das
1192 1030 1314 1070 Reich
1345 1032 1415 1070 des
1447 1032 1690 1074 Antichrists

186 1096 344 1135 »salma
400 1095 468 1134 Ihr
494 1098 900 1149 angelegentliehstes
927 1097 1096 1142 Streben
1123 1100 1173 1138 ist
1190 1113 1282 1147 ,111111
1309 1101 1454 1139 darauf
1471 1102 1688 1153 gerichtet,

184 1166 343 1204 »dieses
383 1164 777 1205 Antichristenthum
817 1180 894 1206 von
931 1168 1070 1207 scinen
1109 1177 1244 1208 ersten
1285 1169 1496 1222 Ansangen
1527 1185 1575 1210 an
1606 1173 1689 1211 und

185 1235 254 1273 »in
285 1235 434 1273 seinem
465 1236 720 1288 allinahligen
752 1236 1013 1282 Waehsthum
1045 1238 1105 1277 bis
1136 1252 1182 1277 zu
1213 1240 1285 1278 der
1316 1239 1468 1292 Spitze‚
1499 1241 1688 1280 ausuvel-

183 1303 308 1342 »cher
338 1317 381 1342 es
410 1305 461 1343 im
490 1304 843 1345 Protestantismus
868 1306 946 1346 den
973 1306 1131 1359 Gegncr
1153 1309 1268 1352 sand,
1295 1322 1343 1347 an
1367 1310 1510 1349 dessen
1536 1309 1688 1349 Wider-

184 1374 329 1413 »stand
356 1374 465 1414 scine
492 1374 623 1414 Macht
648 1375 731 1414 sich
754 1375 874 1414 brach
889 1407 898 1421 ,
922 1377 995 1415 mit
1017 1378 1115 1416 aller
1139 1377 1305 1417 Scharfe
1333 1393 1380 1418 zu
1402 1380 1606 1431 versolgen
1625 1379 1688 1432 ³).''

184 1442 248 1482 Sic
283 1450 421 1482 noster
456 1456 614 1495 quoque
645 1445 686 1483 in
716 1445 807 1484 hist.
840 1447 932 1485 ecel.
964 1447 1171 1486 lustranda
1202 1447 1448 1488 horrendum
1479 1448 1594 1487 nobis
1623 1449 1689 1487 dc-

182 1514 306 1552 volvit
346 1514 636 1564 spectaculum,
676 1514 716 1552 in
757 1527 835 1566 quo
875 1516 1068 1554 continuo
1108 1516 1210 1554 serie
1252 1518 1358 1556 omni
1396 1519 1433 1556 vi
1464 1531 1507 1556 ae
1537 1519 1689 1570 impetu

180 1583 355 1621 intendit
383 1581 548 1622 Satanas
573 1591 613 1621 et
639 1583 913 1630 machinatur,
943 1598 993 1624 ne
1019 1586 1190 1624 ulterius
1216 1599 1300 1625 sese
1327 1594 1484 1625 exserat
1513 1587 1579 1626 Dei
1602 1600 1689 1639 reg-

179 1664 297 1696 num,
327 1652 506 1704 adeoque
539 1653 832 1692 internecivum
864 1667 953 1693 eum
983 1667 1032 1693 60
1058 1667 1268 1694 conserere
1296 1655 1444 1694 bellum
1469 1668 1687 1708 numquam

180 1720 339 1760 desinit.
398 1721 441 1760 In
482 1733 528 1760 60
569 1727 727 1760 tantum
762 1721 889 1760 levior
920 1723 1116 1773 quaedam
1148 1736 1167 1761 a
1198 1722 1545 1762 Centuriatoribus
1576 1724 1686 1763 diffe-

180 1792 310 1830 rentia
351 1791 454 1843 apud
494 1797 674 1829 nostrum
716 1791 1054 1850 deprehenditur.
1095 1792 1202 1843 quod
1241 1793 1367 1844 magis
1397 1793 1538 1836 etiam,
1569 1806 1688 1844 quam

181 1861 239 1899 illi
281 1861 328 1899 ad
369 1859 567 1899 Ecclesiae
608 1860 647 1898 in
690 1858 732 1898 V.
761 1859 801 1898 T.
842 1860 1083 1899 incunabula
1124 1861 1225 1899 solet
1263 1862 1417 1906 redire,
1455 1868 1500 1900 ut
1536 1861 1584 1900 ab
1615 1874 1689 1900 ovo

183 1929 276 1968 inde
318 1935 432 1967 atrox
471 1929 570 1967 illud
601 1929 794 1980 proelium
827 1935 1042 1980 repetatur.
1102 1928 1182 1968 Iam
1214 1943 1234 1968 a
1266 1930 1493 1981 primordiis
1521 1931 1687 1970 humani

182 1998 341 2050 generis
388 1997 614 2036 tristissima
658 1998 884 2036 calamitate
930 1998 1073 2037 afflicta
1118 1999 1193 2037 suit
1232 1998 1429 2043 Ecclesia,
1469 2006 1508 2038 et
1548 2001 1689 2053 ingens

181 2068 286 2120 cepit
316 2068 626 2111 detrimentum,
657 2080 778 2118 quum
809 2067 1026 2119 instigante
1058 2066 1202 2107 Satana
1233 2068 1336 2106 bona
1366 2069 1574 2108 hominum
1601 2084 1690 2122 pars

181 2138 221 2176 in
260 2137 369 2176 Caini
411 2137 601 2189 progenie
644 2136 693 2175 ab
732 2135 906 2175 Ecclesia
948 2137 1128 2176 descivit.
1184 2136 1282 2175 Rem
1312 2138 1565 2189 aliquatenus
1595 2153 1689 2179 sane

182 2207 361 2246 restituit
399 2205 527 2251 Enos,
567 2206 607 2244 in
644 2206 758 2244 cuius
798 2206 947 2244 familia
986 2207 1090 2245 laete
1131 2219 1271 2245 rursus
1301 2207 1475 2246 effloruit
1506 2209 1588 2247 veri
1619 2207 1689 2247 Dei

182 2277 324 2315 cultus.
383 2275 480 2314 Octo
508 2276 575 2315 vix
606 2281 740 2314 autem
771 2276 1050 2327 praeterlapsis
1082 2277 1410 2328 generationibus
1447 2277 1578 2316 denuo
1608 2284 1689 2316 tam

181 2347 327 2385 misere
367 2345 628 2397 degeneravit
662 2346 892 2384 mortalium
924 2359 1070 2397 genus,
1109 2353 1154 2385 ut
1184 2347 1225 2385 in
1256 2354 1346 2385 octo
1376 2347 1517 2385 animis
1546 2347 1690 2386 eonsti-

184 2415 279 2454 terit
318 2413 514 2458 Ecclesia,
552 2428 572 2452 e
612 2427 781 2465 quorum
812 2427 981 2453 numero
1011 2415 1092 2453 sola
1125 2414 1229 2454 Semi
1261 2415 1408 2454 familia
1436 2428 1569 2454 veram
1600 2428 1691 2454 con-

184 2485 357 2524 servavit
401 2483 627 2522 Ecclesiam.
686 2482 823 2535 Neque
864 2483 929 2522 hic
969 2484 1083 2522 ruina
1127 2483 1317 2522 substitit.
1387 2482 1492 2522 Semi
1533 2497 1691 2536 quoque

184 2555 332 2593 familia
363 2560 447 2592 tota
479 2553 562 2592 sere
592 2552 757 2597 defecit,
788 2553 915 2592 donec
946 2553 986 2592 in
1018 2553 1100 2592 solo
1132 2552 1358 2591 Abrahamo
1390 2559 1430 2591 et
1460 2553 1610 2592 semine
1636 2554 1691 2606 ip-

223 2693 248 2732 ¹)
273 2701 300 2724 F.
325 2700 351 2724 c.
377 2700 478 2724 BAUR.
502 2692 553 2724 die
583 2693 702 2735 Epoch.
728 2692 757 2724 d.
782 2693 893 2725 kirchl.
922 2693 1167 2725 Gesehiclztsclir.
1193 2693 1221 2724 S.
1249 2693 1322 2724 110.

224 2748 251 2788 2)
274 2747 392 2789 Papam
415 2746 545 2778 Calvino
567 2758 688 2790 quoque
709 2758 816 2779 revera
832 2747 1066 2779 Antichristum
1088 2747 1199 2787 fuisse,
1225 2746 1344 2778 abunde
1369 2746 1501 2790 probant
1529 2747 1604 2778 haec
1625 2747 1693 2778 eius
1719 2759 1723 2764 ·

186 2801 293 2835 verba:
328 2821 342 2837 n
355 2801 471 2833 Omnes
494 2804 602 2842 notae,
634 2802 748 2845 quibus
765 2802 1000 2848 Antichristum
1023 2802 1164 2843 designat
1187 2799 1239 2844 Sp‘.
1262 2803 1353 2834 Sctus
1376 2803 1409 2834 in
1433 2812 1513 2845 papa
1537 2802 1617 2833 clare
1641 2813 1691 2845 ap-

188 2854 330 2900 parent.”
357 2857 469 2889 Comm.
493 2857 538 2888 ad
559 2859 577 2890 1
602 2859 649 2891 Io.
675 2858 721 2890 II.
741 2859 793 2892 18.
823 2858 860 2891 cf.
883 2859 992 2892 Comm.
1019 2858 1063 2891 ad
1084 2858 1103 2889 2
1126 2858 1259 2891 1½e.ss.
1284 2860 1304 2890 4
1329 2861 1360 2891 et
1383 2859 1429 2891 ad
1449 2859 1544 2891 Hebr.
1568 2857 1614 2890 ΙΙ.
1640 2858 1692 2891 35.

226 2912 253 2953 ³)
277 2920 306 2946 F.
331 2921 359 2946 c,
383 2920 484 2945 BAUR.
508 2922 536 2945 o.
556 2911 578 2945 1.
606 2913 636 2946 S.
660 2913 713 2946 46.
1034 2936 1038 2939 -
