1849 3239
939 98 990 136 90

215 232 388 284 gladium
438 239 618 284 paratum
659 239 737 270 est.
780 239 822 269 ut
864 231 1154 270 animadvertat
1190 233 1228 271 in
1276 245 1387 277 eum,
1427 236 1492 285 qui
1536 236 1715 276 moribus

215 303 428 341 dissolutus
459 309 519 340 est
549 310 588 339 et
619 301 910 352 perditissimus
940 301 1079 346 homo,
1109 304 1176 353 qui
1208 302 1307 341 nihil
1334 303 1505 355 denique
1537 307 1715 345 reformi-

216 371 283 410 dat
323 371 427 422 quod
467 371 677 409 scelestum
731 377 790 409 est
840 383 883 409 ae
926 371 1154 410 nefandum.
1223 372 1467 424 Quamquam
1506 387 1553 413 eo
1594 376 1743 426 igitur0

217 454 335 480 sensu
379 440 552 478 Ecclesia
591 452 747 478 morum
786 452 995 479 censuram
1032 454 1149 493 agere
1189 448 1339 493 potest,
1389 450 1432 480 ut
1470 444 1717 483 clandestina

218 510 487 562 reprehendat
511 509 603 548 vitia
629 516 669 547 et
694 510 846 548 occulta
864 510 1029 555 delicta,
1047 524 1147 562 quac
1163 512 1292 563 legem
1320 512 1499 563 fugiunt,
1529 504 1715 565 castiget,

217 592 297 619 non
331 587 461 618 tamen
492 579 576 617 eius
607 579 890 618 intermedium
917 581 1108 619 auxilium
1133 581 1367 632 requiritur,
1400 588 1444 619 ut
1467 583 1718 634 magistratui

219 649 431 688 tradantur
459 647 647 692 malefici,
679 649 866 699 quoniam
892 649 1018 688 civilis
1047 650 1269 689 iurisdictio
1299 663 1389 689 suas
1418 651 1499 702 ipsa
1529 652 1569 690 in
1600 665 1645 690 ca
1675 665 1718 691 re

220 724 352 771 partes
391 729 507 769 agere
544 723 687 768 potest.
744 717 997 757 Contrarium
1037 726 1170 758 autem
1209 720 1250 758 in
1289 720 1470 759 doctrina
1505 722 1629 767 valet,
1670 722 1719 760 de

221 801 296 839 qua
327 799 448 838 penes
477 787 755 838 magistratum
784 788 940 826 nullum
971 801 1056 827 esse
1087 789 1293 828 arbitrium
1325 790 1407 841 ipsa
1438 794 1501 828 res
1529 791 1719 842 loquitur.

222 856 296 895 Ubi
331 868 426 907 ergo
457 855 662 894 doctrinae
694 857 841 895 veritas
871 857 912 895 in
942 857 1107 897 dubium
1139 866 1368 903 revocatur,
1408 871 1509 898 nova
1540 867 1580 898 ct
1610 861 1720 899 inau-

222 926 304 964 dita
334 925 540 977 hucusque
584 925 768 977 dogmata
814 927 1089 972 excuduntur,
1135 928 1324 966 scelestae
1366 929 1554 967 audacter
1593 930 1721 981 prose-

222 1001 368 1034 runtur
397 995 642 1040 sententiae,
671 1003 854 1048 receptae
886 982 1090 1036 doctrinae
1121 998 1363 1040 contrariae,
1394 1005 1435 1036 et
1460 999 1618 1038 divinae
1642 1012 1721 1038 ma-

223 1065 355 1104 iestati
395 1065 595 1109 infensae,
634 1088 686 1093 —
724 1066 890 1118 prodeat
929 1067 1136 1118 disciplina
1168 1065 1469 1121 *Ecclesiastieffi
1513 1075 1554 1107 et
1593 1069 1722 1120 rigido

223 1135 426 1179 examine,
465 1141 662 1186 quatenus
702 1135 752 1174 sit
783 1149 804 1174 a
833 1142 992 1188 recepta
1023 1136 1203 1175 doctrina
1244 1137 1443 1176 aberratio
1482 1138 1722 1182 tolerabilis,

225 1217 418 1256 quaenam
467 1211 600 1242 autem
640 1205 895 1258 infringenda
940 1206 990 1243 sit
1029 1204 1205 1244 haeresis
1236 1213 1276 1244 et
1306 1207 1583 1259 exstirpandas,
1623 1207 1723 1246 diiu-

225 1275 361 1318 dicet„
384 1280 424 1312 et
463 1274 592 1325 ipsum
631 1273 878 1313 haereticum
909 1275 992 1327 igni
1023 1275 1155 1314 tradat
1185 1276 1316 1327 potius
1345 1283 1385 1315 et
1416 1277 1568 1329 gladio,
1607 1290 1724 1329 quam

224 1350 268 1382 ut
312 1343 480 1382 ulterius
523 1344 629 1382 inter
669 1344 807 1383 fideles
847 1345 1124 1396 contagiosum
1160 1346 1308 1384 malum
1349 1353 1495 1397 serpat.
1559 1345 1629 1385 Vel
1670 1347 1724 1385 sic

225 1420 358 1451 tamen
389 1413 506 1464 longe
537 1427 558 1451 a
587 1426 650 1452 mc
676 1413 779 1452 absit
805 1414 853 1452 iis
879 1415 1132 1466 adstipulari,
1164 1415 1231 1466 qui
1257 1415 1363 1454 inter
1388 1414 1723 1454 Romano-Catho-

223 1483 320 1522 licos
359 1483 482 1534 ipsius
521 1481 673 1522 Calvini
707 1495 862 1522 morum
901 1483 1154 1522 honestatem
1194 1497 1322 1536 nuper
1360 1491 1441 1523 tam
1480 1485 1630 1524 nefarie
1661 1498 1725 1537 ag-

222 1553 348 1604 gressi
384 1558 476 1590 sunt
494 1551 549 1604 13).
607 1551 734 1591 Homo
774 1565 866 1592 sane
907 1553 982 1591 suit
1022 1552 1228 1598 Calvinus,
1267 1553 1463 1592 humanae
1494 1554 1725 1593 sallibilitati

224 1622 429 1661 obnoxius.
486 1621 580 1660 Fuit
615 1628 750 1660 tamen
786 1635 835 1661 ex
871 1623 918 1661 iis
947 1623 1196 1668 hominibus,
1235 1623 1301 1674 qui
1331 1623 1515 1662 stabilem
1544 1636 1654 1663 suam
1684 1624 1726 1662 in

223 1693 372 1732 virtute
412 1692 732 1744 permansionem
768 1692 867 1731 adeo
906 1693 1177 1744 probaverunt
1213 1693 1416 1739 omnibus,
1454 1700 1499 1732 ut
1539 1694 1606 1745 qui
1636 1694 1721 1732 eius

222 1774 378 1800 morum
418 1761 658 1813 probitatem
688 1762 861 1814 maligne
893 1762 1100 1801 calumniis
1130 1763 1354 1801 detrectare
1385 1763 1569 1808 student,
1605 1775 1721 1801 suum

225 1832 299 1884 ipsi
339 1831 613 1870 characterum
652 1832 784 1883 potius
821 1832 930 1883 gravi
959 1819 1377 1887 inaculainquinant,
1418 1845 1534 1884 quam
1564 1838 1608 1870 ut
1638 1831 1720 1870 Cal-

225 1901 308 1940 vini
343 1901 574 1939 memoriam
610 1901 671 1939 vel
700 1901 844 1939 leviter
874 1913 1034 1952 carpere
1065 1901 1226 1952 possint.
1285 1899 1385 1939 Sunt
1415 1901 1592 1952 plebeiae
1623 1901 1722 1939 istae

226 1970 466 2013 calumniae,
497 1970 560 2008 vel
596 1969 877 2008 obtrectatoris
916 1971 1048 2022 potius
1087 1969 1264 2008 convicia
1304 1982 1352 2007 ex
1382 1970 1440 2008 ira
1471 1976 1510 2008 et
1549 1971 1723 2022 partium

228 2039 360 2078 studio
408 2039 583 2091 prosecta
625 2040 733 2078 nulla
779 2040 880 2078 seria
926 2039 1166 2078 refutatione
1216 2040 1347 2091 digna.
1406 2039 1562 2078 Adsunt
1602 2039 1724 2091 ipsius

228 2108 378 2147 Calvini
419 2109 539 2160 spissa
572 2110 795 2152 volumina,
836 2109 981 2148 adsunt
1011 2109 1052 2147 in
1082 2109 1218 2161 primis
1249 2109 1334 2147 eius
1364 2110 1553 2161 epistolae
1584 2108 1725 2160 gallico

228 2191 409 2217 sermone
453 2179 724 2230 conscriptae,
770 2179 913 2217 adsunt
966 2179 1191 2230 aequalium
1242 2179 1364 2230 ipsius
1416 2179 1725 2230 locupletissima

229 2248 479 2293 testimonia,
519 2249 624 2287 unde
665 2254 774 2287 certo
814 2249 961 2287 certius
999 2249 1233 2293 edocemur,
1269 2249 1470 2287 neminem
1498 2248 1612 2287 facile
1643 2247 1725 2286 Cal-

229 2318 322 2357 vino
352 2319 477 2370 magis
508 2312 548 2357 in
580 2318 670 2357 odio
694 2318 880 2357 habuisse
906 2325 1131 2370 peecatum,
1162 2319 1353 2357 virtutem
1378 2318 1578 2356 dilexisse.
1622 2315 1726 2361 Quin

230 2386 399 2426 firmiter
428 2388 547 2426 etiam
578 2387 811 2432 statuimus,
851 2387 1057 2427 Calvinum
1087 2400 1165 2426 non
1197 2394 1352 2426 tantum
1383 2387 1509 2438 ipsum
1540 2399 1585 2425 ea
1615 2385 1726 2424 nobi-

230 2457 364 2501 litate,
405 2470 521 2508 quam
560 2457 688 2496 virtus
727 2457 842 2496 affert
882 2465 921 2496 ct
956 2458 1153 2509 probitas,
1193 2457 1233 2495 in
1264 2457 1396 2509 paucis
1425 2457 1545 2495 fuisse
1576 2455 1726 2507 conspi-
1762 2487 1766 2492 .

232 2539 371 2570 cuum,
411 2526 481 2565 sed
521 2539 677 2578 semper
716 2527 834 2565 etiam
871 2540 988 2566 curae
1019 2527 1207 2579 cordique
1237 2526 1310 2565 sibi
1340 2526 1548 2571 hahuisse,
1587 2531 1632 2563 ut
1662 2524 1728 2563 alii

233 2608 390 2647 quoque
435 2596 626 2635 candidae
670 2608 825 2635 morum
869 2596 1070 2635 honestati
1110 2603 1398 2648 quantumpote
1440 2595 1728 2635 incumberent.

232 2663 358 2716 Finge
388 2665 462 2704 tibi
492 2666 609 2704 talem
642 2665 771 2704 virum
801 2666 908 2704 inter
933 2667 1018 2704 eius
1043 2665 1189 2704 saeculi
1215 2664 1464 2704 Genevenses
1488 2676 1729 2704 commoran-

233 2741 336 2779 tem,
365 2734 701 2787 perditissimum,
727 2741 772 2774 ut
799 2748 935 2775 omnes
961 2735 1159 2780 fatentur,
1185 2741 1225 2774 et
1250 2734 1603 2787 flagitiosissimum
1627 2729 1729 2772 mor-

278 2957 317 2999 18)
344 2957 369 2991 A
392 2956 523 2988 Bolseno
548 2966 645 2999 usque
672 2956 711 2988 ad
734 2954 850 2988 Audin.
