1849 3239
767 95 842 133 149

66 239 174 272 »tem
192 231 263 284 ¹).''
308 232 362 271 De
393 232 585 270 sociorum
617 243 707 282 erga
732 230 934 268 ministros
959 228 1094 268 officiis
1119 240 1239 279 quum
1264 227 1365 266 insra
1391 227 1548 266 dicendi

65 305 172 343 locus
212 310 351 354 sponte
391 302 565 346 dabitur,
604 301 667 339 hic
705 301 828 352 igitur
862 300 910 338 de
942 299 989 337 iis
1020 305 1173 337 tantum
1204 296 1340 336 officiis
1370 309 1550 348 agemus,

67 385 165 425 quae
205 377 286 409 tum
328 384 420 423 erga
460 370 604 415 Deum,
645 376 726 407 tum
777 382 869 420 erga
907 368 1050 406 fratres
1088 379 1178 405 suos
1222 365 1419 404 Ecclesiae
1458 366 1551 404 socii

65 445 265 493 praestare
304 440 462 478 debent.
515 440 566 477 1⁰.
599 437 731 488 Officia
770 449 859 487 erqa
896 437 1014 475 Deum
1051 440 1083 474 et
1125 435 1323 474 Clzristmn.
1382 433 1554 486 Singulis

35 557 37 559 ‚
65 509 261 548 Ecclesiae
293 508 479 547 membris
508 508 751 559 iniungitur,
800 523 814 540 >³
830 513 873 544 ut
903 506 1069 557 quisque
1100 506 1138 543 in
1169 504 1341 543 Ecclesia
1372 517 1481 542 suain
1513 503 1553 541 in

66 566 219 618 »Deum
255 578 373 617 fidem
402 591 469 617 ore
499 590 590 622 suo,
630 589 699 628 pro
729 577 823 615 doni
856 577 914 614 sui
943 588 1151 618 mensura,
1189 573 1482 616 contestetur,''
1514 579 1553 610 et

67 649 194 701 palam
233 660 362 686 coram
402 647 583 686 omnibus
620 645 828 684 Dominum
858 659 972 684 suum
1012 644 1269 688 confitentum
1323 660 1338 677 >³
1354 648 1461 681 want
1490 641 1554 680 dic

68 719 192 757 »daer
222 716 501 756 warachtelick
531 716 773 768 ghelooven,
812 715 972 754 konnen
1001 713 1099 752 haer
1128 714 1211 751 niet
1241 713 1479 763 vermijden,
1520 711 1562 749 of

67 789 150 839 »si-j,
174 787 345 837 belijden
376 786 475 824 oock
505 784 673 837 tghene,
704 785 772 823 dat
801 786 844 834 sij
876 783 1118 835 gheloouen:
1149 789 1258 820 want
1287 781 1356 820 het
1381 779 1555 819 waraeh-

69 857 183 909 »tigh
214 857 409 909 gheloouc
440 855 581 893 breekt
607 861 683 899 wt,
713 854 814 893 ende
840 854 918 892 kan
944 853 1028 892 niet
1053 851 1303 903 verborghen
1329 853 1412 901 sijn.
1457 848 1558 888 Daer

70 928 131 965 »is
161 927 236 965 dan
268 924 577 965 tweederhande
608 922 850 975 belijdinghe
877 923 945 961 des
971 922 1149 974 ghelooss
1175 922 1215 958 in
1241 921 1290 959 de
1315 919 1556 972 ghemeynte

71 1014 86 1031 »
100 995 264 1035 Christi:
296 996 343 1034 de
375 1008 472 1034 eene
502 995 534 1033 is
566 993 780 1045 openbaer,
820 993 868 1031 de
899 992 1045 1030 andere
1076 992 1107 1029 is
1137 1002 1262 1029 eenen
1293 989 1558 1041 yeghelicken

70 1065 280 1117 »eyghen,
316 1065 378 1103 die
419 1064 517 1102 oock
554 1070 613 1101 tot
644 1063 718 1100 alle
748 1056 956 1100 lidtmaten
988 1060 1060 1098 der
1089 1058 1306 1111 gantschen
1337 1057 1559 1109 thmeyn-

72 1152 87 1169 »
102 1141 189 1179 ten,
229 1133 464 1186 ghebruyek
502 1132 617 1170 haers
652 1137 850 1169 verstants
888 1129 1120 1173 hebbendc,
1160 1127 1446 1180 gantschelyek
1480 1133 1560 1166 toe-

72 1204 230 1242 nkomt:
270 1202 382 1254 (also)-
417 1202 485 1240 dat
525 1213 598 1239 een
634 1200 817 1251 yegeliek
852 1199 1053 1249 bijsonder
1083 1199 1123 1237 in
1154 1198 1203 1236 de
1235 1196 1559 1248 Ghemeynte...

72 1271 375 1323 »ontwyuelick
405 1270 576 1321 belijden
605 1277 733 1313 meet,
765 1276 831 1320 tzy
861 1268 968 1306 thuis
999 1268 1049 1318 bij
1081 1267 1176 1306 hare
1195 1267 1358 1311 ouders,
1390 1273 1455 1318 tzy
1477 1267 1561 1305 bui-

70 1336 169 1379 v»ten
211 1340 361 1391 huyze,
406 1340 461 1378 als
505 1353 552 1391 zy
597 1339 759 1377 daertoe
804 1337 988 1377 verzocht
1027 1337 1211 1380 werden,
1255 1336 1323 1374 dat
1358 1335 1421 1374 die
1458 1334 1559 1374 Sone

69 1410 218 1449 »Marie
258 1409 540 1448 waraclitclick
576 1408 688 1447 Jesus
728 1421 774 1459 sy
814 1406 978 1460 enz.2).'’
1035 1406 1201 1458 »Neque
1232 1406 1293 1444 sui
1323 1405 1444 1457 ipsius
1476 1417 1560 1456 per-

68 1498 84 1514 »
98 1492 238 1523 sonae,
273 1491 402 1530 neque
433 1479 529 1522 loci,
566 1479 604 1516 in
636 1490 714 1528 quo
744 1483 948 1521 versatur,
978 1475 1125 1520 honor,
1155 1475 1425 1517 commodum,
1457 1481 1561 1511 tran-

67 1549 272 1605 »quillitas
312 1555 429 1599 atquc
471 1547 731 1591 existimati03
781 1559 910 1597 neque
960 1546 1174 1584 amicorum
1220 1557 1382 1583 suorum
1426 1543 1559 1581 odium

68 1625 165 1656 »aut
205 1630 334 1662 amor,
373 1629 502 1668 neque
533 1617 606 1655 ocii
637 1617 768 1668 quies,
804 1616 936 1654 nullus
966 1615 1138 1666 denique
1171 1615 1331 1652 omnino
1360 1613 1557 1651 humanus

68 1704 82 1721 n
98 1687 261 1725 affectus
290 1688 351 1725 vel
382 1693 511 1725 metus
541 1685 819 1737 quoquomodo
849 1692 1074 1724 remoretur
1091 1685 1118 1737 3)
1131 1684 1152 1702 ”
1188 1683 1368 1728 fidelem,
1407 1682 1557 1733 quomi-

66 1770 141 1796 nus
179 1757 334 1808 publiea
373 1756 618 1794 consessione
660 1755 803 1793 Christi
840 1755 1003 1807 gloriam
1036 1760 1264 1806 promoveat
1281 1752 1323 1805 ¹²).
1380 1751 1559 1803 Requiri-

65 1833 150 1870 tur,
208 1833 280 1863 »ut
320 1826 484 1876 quisque
520 1826 748 1863 institutum
779 1837 799 1862 a
830 1824 985 1862 Christo
1015 1822 1183 1862 Domino
1213 1823 1253 1861 in
1285 1813 1353 1860 sua
1383 1821 1557 1859 Ecclesia

66 1895 245 1933 »cultum
275 1894 474 1946 publicum
505 1894 718 1945 diligenter
748 1893 932 1932 observet-
949 1893 1026 1944 5),’“
1057 1900 1096 1931 et
1146 1910 1161 1925 n
1177 1899 1219 1930 ut
1250 1904 1360 1930 suam
1390 1891 1557 1942 quisque

64 1964 364 2003 »infirmitatem
405 1963 445 2001 in
481 1962 653 2001 Ecclesia
689 1963 861 2014 ingenue
891 1970 1097 2014 agnoscat:
1136 1963 1175 2000 in
1207 1963 1273 2000 illa
1303 1974 1343 1999 se
1374 1960 1448 1999 sibi
1479 1959 1555 1998 dis-

64 2033 257 2085 >›plicerc‚
293 2033 400 2070 illam
430 2045 470 2070 se
502 2045 706 2089 accusare,
744 2045 894 2084 proque
925 2033 990 2070 illa
1021 2045 1061 2070 sc
1092 2032 1248 2070 veniam
1278 2037 1413 2083 petere
1445 2042 1555 2081 opor-

65 2109 178 2141 »tere
218 2114 372 2153 semper
411 2101 670 2154 testeturss),”
711 2108 754 2140 ιιι
792 2102 965 2152 denique
1006 2102 1043 2139 in
1086 2102 1188 2140 vitae
1228 2100 1439 2139 honestate
1475 2097 1556 2137 Deo

63 2172 331 2211 testimonium
364 2171 641 2222 praebeamus,
672 2184 762 2209 nam
807 2171 909 2209 »hoc
940 2178 999 2210 est
1020 2171 1221 2222 proprium
1252 2168 1448 2207 Ecclesiae
1475 2167 1555 2206 offi-

64 2260 78 2276 »
92 2243 216 2285 cium,
242 2242 290 2279 vut
321 2241 427 2280 aliud
457 2254 586 2292 neque
616 2241 780 2285 debeat,
810 2254 939 2292 neque
966 2242 1086 2292 possit
1111 2241 1231 2279 etiam
1256 2240 1407 2282 facere,
1438 2249 1554 2288 quam

62 2318 234 2350 »testem
279 2324 363 2349 esse
407 2310 571 2355 Christi,
610 2318 650 2349 et
682 2312 755 2349 nisi
795 2317 987 2362 perpetuo
1027 2310 1182 2349 Christo
1213 2309 1379 2348 Domino
1409 2306 1552 2346 doct-ri-

63 2394 244 2432 »naeque
275 2393 365 2418 suae
395 2380 665 2419 testimonium
697 2393 809 2418 suum
839 2379 1065 2431 perhibeat,
1099 2379 1269 2417 Ecclesia
1301 2391 1390 2416 vera
1421 2388 1551 2428 neque

63 2463 176 2489 »esse
206 2450 392 2501 amplius,
422 2462 550 2501 neque
581 2450 700 2488 etiam
731 2450 808 2488 dici
839 2449 1049 2501 possit⁷);''
1106 2449 1159 2487 2⁰.
1194 2447 1325 2499 Officia
1355 2458 1445 2496 orgyas
1469 2446 1550 2496 sra-

62 2525 146 2559 lres.
204 2517 342 2563 »Quae
379 2525 511 2558 autem
551 2519 677 2571 plebis
708 2519 830 2557 totius
861 2532 904 2557 ac
933 2519 1180 2570 singulorum
1211 2516 1478 2555 membrorum
1510 2514 1549 2552 iu

62 2753 67 2757 ,
112 2720 136 2759 ¹)
164 2718 277 2750 Forma
301 2727 339 2748 ae
362 2720 423 2749 rat.
447 2717 519 2749 min.
543 2718 639 2750 Loncl.
664 2728 694 2758 p.
721 2717 792 2748 285.

86 2785 90 2787 Δ
114 2774 140 2813 2)
168 2773 257 2814 Covf.
271 2772 355 2814 fidei
377 2782 407 2813 p.
433 2773 484 2804 19.
511 2774 684 2811 (HERINGA.
710 2772 808 2812 265).
833 2771 880 2804 Cf.
904 2771 943 2803 de
966 2772 1060 2803 missa
1078 2772 1191 2814 papali
1212 2781 1242 2812 p.
1268 2771 1295 2801 5.

113 2829 138 2868 3)
163 2829 221 2870 AEjp.
246 2828 291 2859 ad
312 2828 405 2860 Dru-9.
430 2827 595 2868 iss‘yssinfflze
619 2827 694 2865 (Ser.
720 2829 784 2857 anf.
811 2826 855 2858 II.
881 2826 925 2857 1³.
951 2827 1036 2865 523.)

114 2883 139 2922 ⁴)
165 2883 213 2914 De
238 2883 331 2914 missa
348 2882 462 2923 papali
484 2892 512 2922 p.
539 2880 590 2911 25.
769 2880 793 2919 5)
820 2881 930 2912 Forma
954 2891 991 2911 ac
1014 2883 1074 2911 ras.
1099 2880 1170 2911 min.
1196 2880 1292 2912 Loncl.
1318 2890 1347 2922 p.
1373 2879 1444 2911 5336.

114 2937 139 2977 6)
164 2937 210 2968 lb.
388 2936 412 2976 7)
440 2937 494 2978 Ep.
519 2935 563 2967 ad
586 2936 657 2966 Sea.
683 2936 750 2967 Pol.
776 2936 851 2974 (Ser.
875 2938 940 2967 ant.
965 2936 1029 2967 ΙΙΙ.
1056 2935 1099 2967 1²³.
1126 2935 1224 2974 los).
