1879 3239
924 82 977 118 20

202 230 332 270 neque
363 216 660 269 religiosissima
691 226 783 254 cura
808 213 1018 266 pastoralis
1046 217 1079 251 et
1108 212 1314 258 institutio,
1343 225 1416 252 nec
1440 213 1612 265 denique
1643 226 1700 252 se-

203 287 408 326 verissima
448 293 488 325 et
527 285 766 337 rigidissima
805 282 1009 333 disciplina
1047 282 1088 321 id
1118 282 1191 320 sibi
1220 294 1355 334 posse,
1394 288 1439 321 ut
1477 283 1539 322 vel
1578 296 1702 322 unum

204 354 407 394 hominem
451 354 499 393 ab
544 354 666 393 exitio
711 359 829 403 atque
868 351 1036 389 interitu
1075 357 1267 396 avertant.
1326 349 1440 395 Quod
1478 358 1703 403 superesset

203 430 507 475 argumentum,
547 436 594 461 eo
625 422 757 460 forsan
797 433 1025 472 supremum
1065 419 1133 459 Dei
1178 420 1384 459 consilium
1434 421 1619 466 tendere,
1658 427 1703 459 ut
1753 432 1757 436 ·

205 505 341 531 omnes
362 493 563 531 secundam
583 491 653 529 Det
671 491 899 529 voluntatem
919 490 1176 529 absconditam
1196 491 1244 529 ad
1267 497 1470 529 aeternam
1491 490 1704 542 aliquando

204 561 495 600 beatitudinem
531 560 805 612 pervenirent,
844 559 1104 598 vehementer
1143 559 1293 598 Calvini
1334 558 1582 611 obstreperet
1617 571 1703 597 scn-

205 631 373 674 tcntiae,
404 631 470 681 qui
501 629 549 668 dc
581 629 718 667 electis
748 635 941 673 testatur,
971 641 1109 667 eorum
1138 635 1218 666 tam
1240 628 1428 679 exiguum
1454 640 1538 666 esse
1567 640 1704 666 nume-

205 711 314 743 rum,
353 705 398 736 ut
433 699 512 736 sint
542 699 666 736 veluti
697 711 819 750 pauca
852 699 974 736 tritici
1004 711 1126 750 grana
1157 698 1197 736 in
1227 711 1368 750 magna
1400 699 1534 750 paleae
1564 710 1704 750 congc-

205 767 264 805 rie
291 765 348 818 2⁰).
394 765 583 810 Quaestio
608 772 754 810 restat,
785 779 879 804 num
906 779 926 804 e
953 765 1104 804 Calvini
1128 772 1262 804 mente
1288 766 1438 817 possint
1472 766 1704 819 hypocritae

204 849 224 874 e
252 835 417 874 visibilis
443 834 643 873 Ecclesiae
671 836 862 873 societate
888 835 975 873 eiici
1007 835 1231 885 aliquando.
1263 834 1302 873 Si
1333 849 1404 874 acu
1426 849 1510 874 rem
1540 843 1704 888 tangere

206 903 320 942 nobis
359 904 579 955 contingit,
610 904 659 942 ad
688 903 791 942 hanc
822 916 979 955 quoquc
1011 904 1284 955 quaestionem
1323 905 1506 956 negando
1546 918 1706 957 respon-

202 973 378 1011 dendum
418 973 506 1011 crit.
566 972 641 1018 Qui
678 973 784 1011 enim
821 973 1071 1025 hypocritam
1113 974 1262 1018 eiicies,
1303 974 1377 1012 nisi
1418 987 1511 1013 vere
1548 974 1706 1013 fidelem

204 1055 223 1080 a
255 1041 348 1080 ficto
379 1054 500 1093 queas
531 1042 792 1093 dignoscere?
842 1041 885 1080 ld
911 1049 1045 1080 autem
1070 1042 1331 1082 vehementer
1356 1051 1475 1095 negat
1501 1044 1706 1088 Calvinus,

201 1118 240 1150 et
282 1124 439 1150 omnem
480 1112 521 1149 in
558 1125 603 1150 ea
636 1125 678 1149 re
710 1111 956 1150 diiudicandi
986 1112 1215 1151 facultatem
1247 1126 1267 1151 a
1297 1113 1524 1152 hominibus
1554 1113 1706 1152 abiudi-

203 1188 278 1219 cat.
310 1180 533 1232 »Reprobos
555 1180 604 1219 ab
621 1181 759 1219 electis
781 1181 1007 1220 discernere
1029 1183 1150 1220 solius
1169 1181 1237 1221 Dei
1255 1190 1332 1228 est,
1354 1196 1432 1221 non
1451 1190 1633 1222 nostrum
1649 1183 1708 1237 ²¹),

201 1256 272 1288 »et
311 1251 467 1290 nullum
508 1262 624 1302 saepe
661 1251 886 1289 discrimen⁴
916 1251 1022 1290 inter
1052 1251 1154 1290 filios
1187 1251 1255 1290 Dei
1292 1259 1331 1290 et
1362 1253 1546 1304 profanos
1572 1238 1707 1291 'notari

203 1319 458 1372 »potcst‘2²),
490 1333 582 1358 nam
613 1326 652 1358 et
682 1320 748 1371 qui
779 1320 1037 1371 perditissimi
1063 1320 1319 1364 videbantur,
1349 1321 1545 1372 planeque
1575 1322 1708 1373 deplo-

204 1389 309 1426 »rati
350 1389 532 1434 fuerant,
572 1390 656 1427 eius
695 1389 876 1428 bonitate
906 1390 946 1427 in
976 1390 1079 1428 viam
1118 1386 1373 1434 revocantur,
1412 1397 1468 1434 et,
1509 1390 1575 1440 qui
1615 1404 1708 1442 prae

204 1458 320 1496 »aliis
351 1464 457 1496 stare
482 1458 744 1503 videbantur,
775 1471 892 1510 saepe
923 1466 1116 1498 corruunt
1140 1459 1224 1512 23).”
1282 1459 1428 1504 Quodsi
1459 1472 1596 1499 verum
1627 1467 1708 1504 est,

200 1539 317 1565 nemo
353 1528 457 1566 serio
496 1541 671 1578 unquam
714 1528 931 1566 contendet
962 1541 1055 1567 sanc
1091 1541 1211 1580 penes
1250 1528 1464 1567 Ecclesiam
1505 1541 1590 1567 esse
1621 1541 1708 1580 pro-

201 1595 370 1640 luviem,
412 1609 488 1647 qua
529 1596 784 1647 inquinatur,
825 1598 1015 1642 eructari;
1052 1598 1207 1648 eritque
1247 1598 1371 1649 igitur
1410 1611 1429 1635 a
1470 1596 1709 1636 Schenkelio

202 1665 542 1711 dissentiendum,
572 1666 640 1705 ubi
672 1667 769 1705 dicit
800 1666 1015 1705 Ecclesiam
1041 1667 1238 1706 visibilem
1263 1680 1347 1705 esse
1374 1667 1477 1718 apud
1503 1666 1708 1705 Calvinum

203 1747 361 1785 quoque
393 1735 486 1774 »die
518 1736 754 1786 empirische
787 1734 1066 1789 Ersclieinung
1096 1737 1167 1775 der
1193 1737 1348 1775 idealen
1380 1736 1554 1775 Ecclesia
1576 1736 1709 1775 invisi-

204 1803 321 1842 »hilis
347 1804 434 1856 24).”
472 1803 646 1843 Ecclesia
672 1805 882 1843 invisibilis
912 1806 1015 1857 apud
1042 1805 1246 1845 Calvinum
1273 1807 1496 1844 seiunctum
1523 1807 1619 1857 quid
1643 1805 1710 1844 ha-

201 1872 378 1911 bendum
405 1880 487 1918 est,
515 1879 634 1924 atque
661 1874 900 1925 sepositum,
926 1875 989 1912 cui
1015 1875 1122 1913 nulla
1147 1881 1237 1913 'cum
1259 1874 1432 1913 Ecclesia
1463 1875 1607 1914 visibili
1634 1875 1710 1913 alia

201 1942 418 1980 intercedit
436 1941 716 1986 cohaerentia,
743 1943 820 1980 nisi
848 1942 953 1992 quod
980 1943 1023 1980 1⁰
1041 1941 1237 1981 Ecclesiae
1254 1943 1367 1981 invis.
1388 1943 1638 1994 partiuncula
1655 1943 1708 1981 la-

202 2016 285 2049 teat
308 2011 347 2048 in
374 2010 475 2049 Eccl.
494 2011 584 2055 vis.,
611 2019 651 2050 et
677 2013 721 2050 20
739 2010 841 2049 Eccl.
859 2012 927 2049 vis.
951 2003 1262 2050 instrumentum
1280 2012 1330 2050 sit
1348 2018 1387 2050 et
1404 2012 1710 2057 adminiculum,

203 2092 280 2132 quo
297 2080 355 2118 uti
374 2080 475 2118 solet
491 2078 596 2118 Deus
613 2080 652 2118 in
670 2079 771 2118 Eccl.
790 2080 903 2119 invis.
922 2081 1202 2132 promovenda.
1235 2080 1348 2126 Quod
1366 2088 1497 2120 tamen
1516 2082 1597 2120 noli
1614 2081 1710 2120 acci-

202 2161 318 2201 pere,
341 2150 451 2200 quasi
478 2150 792 2188 instrumentum
815 2157 921 2189 esset
947 2150 1217 2195 necessarium,
1246 2151 1344 2189 adeo
1362 2158 1405 2189 ut
1423 2151 1472 2189 ad
1489 2150 1590 2189 Eccl.
1608 2151 1710 2189 invis

203 2219 413 2270 pervenire
440 2226 573 2271 posset
598 2232 714 2258 nemo
740 2220 816 2258 nisi
843 2233 913 2271 per
929 2219 1030 2259 Eccl.
1048 2221 1117 2258 vis.
1176 2221 1298 2272 Saepe
1320 2221 1426 2259 enim
1453 2219 1556 2259 Deus
1582 2221 1711 2258 utitur

205 2288 422 2327 »interiore
450 2287 621 2340 Spiritus
647 2289 962 2333 illuminatione,
993 2288 1110 2341 (apud
1137 2290 1236 2342 eos),
1264 2302 1382 2340 quos,
1409 2289 1515 2327 nulla
1541 2290 1710 2328 interce-

205 2357 352 2396 »dente
378 2357 697 2409 praedicatione,
729 2357 910 2396 veritatis
935 2357 1161 2409 cognitione
1183 2357 1347 2395 donavit
1373 2356 1418 2408 ²⁵)
1430 2357 1467 2400 ‚²⁷
1493 2363 1554 2400 et,
1585 2356 1616 2394 si
1643 2356 1710 2407 qui

203 2441 218 2459 υ
235 2427 334 2470 sint,
361 2426 427 2477 qui
445 2425 584 2464 acerbe
602 2426 733 2465 serant
750 2439 791 2464 se
817 2427 937 2465 rebus
958 2439 1094 2465 carere
1120 2427 1186 2470 iis,
1212 2439 1309 2477 quos
1335 2425 1383 2463 ad
1400 2426 1711 2464 consolationem

204 2496 485 2546 »salutemque
517 2507 627 2533 suam
657 2496 829 2534 maxime
868 2497 1111 2534 necessarias
1146 2495 1463 2539 arbitrabantur,
1498 2494 1603 2534 Deus
1633 2496 1710 2534 vir-

200 2569 318 2602 »tute
345 2564 507 2614 spiritus
531 2564 591 2602 sui
618 2564 657 2601 in
681 2564 728 2602 iis
751 2564 850 2616 agit,
877 2566 1115 2617 suppletque
1138 2564 1194 2610 id,
1221 2564 1328 2616 quod
1348 2565 1452 2616 ipsos
1469 2564 1709 2617 deficit26).’⁷

240 2699 280 2740 2⁰)
307 2700 387 2732 [nst.
412 2699 468 2732 1v.
494 2700 524 2732 1.
550 2699 579 2732 3.
715 2700 756 2740 21)
781 2700 829 2732 Ib.
967 2702 1006 2742 22)
1033 2703 1112 2734 [nst.
1137 2702 1191 2733 lv.
1217 2703 1246 2734 1.
1272 2703 1301 2734 s.

241 2755 281 2795 23)
308 2754 356 2787 11).
492 2754 532 2794 24)
559 2764 702 2787 HERZOG.
728 2756 990 2800 Real-Encyclop.
1015 2757 1050 2788 in
1074 2768 1162 2790 voce:
1189 2758 1316 2791 Kirche.

242 2809 283 2849 25)
308 2810 390 2841 Inst.
416 2809 472 2841 IV.
499 2810 550 2842 16.
576 2811 628 2842 19.

243 2865 284 2904 ²⁶)
309 2865 399 2897 Hom.
425 2864 489 2896 III.
515 2865 553 2896 cle
576 2876 661 2897 conv.
685 2867 718 2897 in
744 2867 833 2899 Eccl.
858 2867 945 2900 Toni.
971 2867 1064 2900 VIII.
1088 2878 1118 2909 p.
1143 2867 1241 2907 4761),
1261 2861 1310 2901 'ct
1339 2870 1449 2901 Comm.
1472 2869 1517 2901 ad
1539 2870 1626 2901 Rom.
1651 2868 1706 2901 XI.

201 2918 237 2957 2,
266 2919 331 2952 Cat.
361 2919 472 2952 Genev.
498 2919 586 2953 Tom.
612 2919 704 2953 VIII.
729 2932 759 2963 p.
786 2922 859 2961 16³3
883 2923 976 2965 Resp.
1001 2924 1177 2966 ad'versz'p.
1202 2925 1315 2967 quend.
1339 2924 1426 2959 Tom.
1450 2924 1543 2960 VIII.
1567 2935 1598 2966 p.
1616 2923 1708 2957 310b‚
