1849 3239
956 70 1034 109 114

249 198 618 254 »Kirchenbegriffs
661 202 742 241 und
785 202 848 241 die
892 202 1068 243 Position
1111 204 1221 243 eines
1263 215 1417 248 neuen,
1463 204 1506 243 in
1547 203 1741 243 welchem

248 269 386 308 »nicht
427 270 541 310 mehr
585 272 653 310 das
690 271 874 315 Institut.
918 273 1091 311 sondern
1130 273 1199 311 das
1239 271 1401 323 Subject
1429 279 1561 312 zuerst
1591 278 1742 325 gesetzt

251 350 365 377 »war
382 338 448 391 ¹).”
504 339 619 385 Quod
649 341 744 379 dicit
775 339 994 387 Schenkel,
1025 342 1127 394 apud
1157 341 1424 381 Romanenses
1453 342 1580 394 ipsum
1610 341 1741 381 Eccle-

249 406 330 445 siae
372 407 601 448 institutum
646 408 816 459 primum
857 409 1028 460 positum
1072 423 1177 455 esse,
1220 409 1321 448 nihil
1360 411 1468 449 aliud
1507 417 1587 457 est,
1625 408 1743 462 quam

252 476 359 527 quod
389 477 474 515 aliis
504 477 635 516 verbis
664 489 781 528 supra
811 479 1055 524 monuimus,
1076 479 1305 518 institutum
1323 478 1520 519 Ecclesiae
1537 480 1662 520 veluti
1678 492 1742 518 ex-

248 545 445 584 trinsecus
487 546 671 584 fidelibus
713 546 940 598 impositum
983 561 1053 600 per
1096 561 1137 587 se
1180 549 1346 601 cogitari
1389 561 1527 600 posse,
1566 549 1744 600 quamvis

249 627 410 666 prorsus
436 615 620 654 deessent
644 615 803 662 fideles,
829 616 973 667 quibus
994 617 1280 669 imponeretur.
1338 617 1462 663 Quam
1486 617 1600 656 facile
1626 629 1744 669 porro

250 689 290 721 et
319 683 466 721 nullius
493 682 576 721 sere
606 684 757 735 negotii
791 697 853 723 res
883 693 989 730 erat,
1018 686 1242 725 istiusmodi
1271 685 1505 728 Ecclesiam.
1534 699 1635 738 quae
1665 698 1745 724 non

250 751 356 790 inter
385 752 489 803 ipsos
519 751 657 791 fideles
687 753 812 792 veluti
841 760 1093 799 nasceretur,
1124 755 1193 794 sed
1222 762 1356 795 mcntc
1386 761 1542 795 tantum
1571 767 1745 807 compre-

249 819 523 868 hendebatur,
563 823 746 861 omnibus
784 824 961 862 numeris
996 824 1200 864 absolvere
1239 832 1357 876 atque
1387 824 1599 877 perficere,
1626 837 1747 864 unam

249 891 501 943 promulgare
546 905 653 938 eam,
689 899 863 931 sanctam
903 900 943 932 ct
981 894 1229 934 infallibilem
1269 896 1533 947 proclamare,
1571 907 1634 934 res
1663 895 1747 947 ipsa

247 960 446 1012 loquitur,
476 968 516 1000 ct
545 962 771 1001 luculenter
800 963 936 1002 docuit
965 963 1143 1003 historia.
1202 963 1331 1009 Quum
1361 965 1486 1016 igitur
1515 965 1747 1003 reformato-

246 1042 311 1068 res
353 1031 393 1069 in
438 1031 566 1082 ipsum
611 1030 789 1070 fidelium
828 1032 957 1070 sinum
996 1031 1211 1071 Ecclesiam
1247 1033 1497 1077 detulerant,
1526 1034 1747 1071 necessarie
1794 1049 1808 1054 ’-

247 1098 446 1139 Ecclesiae
476 1100 743 1152 perfectitudo
773 1101 913 1153 ingens
943 1102 1046 1153 cepit
1071 1102 1275 1147 damnum,
1306 1103 1449 1154 quippe
1475 1102 1516 1140 in
1540 1101 1749 1141 hominum

248 1176 364 1207 coetu
405 1156 549 1208 dehinc
589 1169 821 1216 inhaerens,
862 1171 929 1222 qui
974 1178 1013 1210 et
1057 1171 1138 1210 salli
1171 1179 1335 1224 possunt
1365 1179 1404 1210 et
1434 1172 1626 1233 labunntur
1655 1183 1748 1223 quo-

250 1238 366 1284 tidie;
396 1239 472 1277 nisi
502 1251 590 1277 eum
622 1239 892 1291 Anabaptistis
921 1240 994 1279 tibi
1025 1253 1155 1280 sumas
1180 1242 1338 1293 proprio
1362 1249 1489 1281 marte
1515 1242 1748 1293 dignoscere

247 1307 355 1345 inter
385 1320 475 1346 vere
517 1307 663 1346 Christi
703 1307 840 1346 fideles
871 1315 910 1346 ct
940 1321 1028 1353 eos,
1068 1310 1135 1367 qui
1168 1310 1338 1360 speeiem
1369 1309 1463 1348 fidei
1494 1317 1651 1350 tantum
1682 1310 1747 1349 ob-

247 1375 433 1415 tendunt.
491 1375 577 1415 Una
621 1390 709 1415 cum
748 1377 1075 1416 reformatoribus
1123 1379 1288 1429 reliquis
1330 1379 1414 1417 scre
1459 1380 1662 1423 omnibus,
1704 1385 1749 1417 ut

249 1458 365 1496 supra
396 1445 587 1490 vidimus,
618 1445 804 1485 Calvinus
830 1447 1016 1498 dogmate
1045 1447 1257 1485 invisibilis
1287 1446 1485 1486 Ecclesiae
1517 1460 1602 1487 sese
1633 1459 1750 1499 expe-

248 1514 333 1552 dire
363 1521 529 1553 conatus
555 1522 615 1553 est
641 1520 688 1553 ex
713 1516 886 1567 laqueis,
917 1516 1062 1567 quibus
1088 1517 1309 1555 necessarie
1327 1530 1416 1555 cum
1433 1516 1750 1556 Romanensibus

247 1585 518 1624 controversia
549 1597 616 1624 cos
645 1586 885 1625 irretivcrat.
945 1586 1039 1625 Tam
1070 1587 1209 1625 subtili
1234 1587 1491 1626 distinctione
1517 1600 1655 1639 parum
1685 1587 1750 1625 de-

247 1652 418 1691 lectatus
457 1654 478 1691 a
508 1652 653 1700 Lasco,
692 1662 732 1694 et
766 1654 975 1707 Euangelii
1007 1656 1173 1707 vestigia
1212 1657 1385 1708 pressius
1424 1664 1582 1695 secutus
1619 1656 1750 1695 istius-

250 1723 358 1761 modi
389 1724 642 1775 cogitationis
672 1724 864 1776 figmento
894 1725 1087 1764 calculum
1118 1738 1233 1764 suum
1258 1739 1453 1778 nusquam
1480 1726 1651 1770 addidit,
1681 1725 1752 1764 sed

251 1803 406 1843 semper
444 1800 485 1832 et
524 1793 670 1845 ubique
709 1794 885 1832 locorum
925 1793 1124 1833 Ecclesiae
1163 1796 1323 1834 nomine
1354 1809 1440 1835 eam
1470 1796 1653 1848 designat
1682 1794 1752 1833 ho-

250 1862 404 1900 minum
434 1864 806 1914 congregationem,
838 1876 938 1914 quae
964 1864 1005 1902 in
1032 1856 1137 1902 terra
1163 1877 1206 1902 re
1231 1861 1414 1916 factoque
1441 1865 1588 1909 adsuit,
1619 1865 1753 1909 adest,

253 1931 335 1968 sive
376 1931 525 1976 aderit,
565 1938 683 1982 atque
715 1931 838 1969 oculis
868 1931 1187 1982 conspiciendam
1217 1944 1302 1971 sese
1335 1933 1508 1984 praebet.
1567 1932 1752 1972 Nondum

252 2005 427 2038 sanctam
457 2013 544 2039 eam
573 2013 658 2039 esse
688 2001 858 2039 necdum
888 2001 1124 2052 perfectam,
1154 2001 1223 2039 sed
1253 2002 1474 2053 promiscue
1512 2003 1554 2041 in
1588 2016 1633 2042 ea
1664 2015 1758 2042 vere

255 2067 401 2108 Christi
440 2068 579 2108 fideles
618 2083 707 2109 cuin
746 2071 877 2122 pravis
907 2071 1056 2109 versari
1087 2083 1130 2108 ac
1160 2070 1403 2122 hypocritis,
1442 2073 1601 2123 penitus
1631 2072 1756 2111 sensit

252 2145 387 2177 noster
416 2146 456 2178 et
486 2140 592 2178 ultro
622 2140 824 2178 consessus
855 2147 933 2185 est;
967 2141 1027 2179 vel
1058 2141 1112 2178 sic
1142 2147 1275 2179 tamen
1305 2142 1497 2180 continuo
1524 2142 1560 2180 ei
1588 2141 1638 2180 ob
1666 2154 1755 2180 ocu-

254 2207 312 2246 los
335 2209 570 2248 versabatur
594 2210 925 2262 perfectissimum
951 2209 1149 2249 Ecclesiae
1176 2211 1393 2262 exemplar,
1424 2210 1622 2250 Ecclesiae
1651 2211 1757 2249 illius

256 2278 339 2317 sine
378 2280 532 2318 macula
571 2293 614 2318 ac
645 2293 764 2332 ruga,
804 2293 921 2332 quam
960 2287 1095 2319 mente
1135 2281 1362 2332 complexus
1401 2280 1669 2319 instauratum
1706 2279 1757 2318 iri

257 2347 472 2399 aliquando
501 2349 719 2388 certissime
755 2349 1029 2401 exspectabam
1060 2362 1189 2401 neque
1224 2362 1412 2400 umquam
1438 2363 1458 2387 a
1485 2362 1551 2400 spe
1580 2349 1756 2400 seiungit

255 2419 448 2463 animum,
490 2418 586 2470 quin
626 2418 782 2456 assidua
817 2417 962 2457 Christi
1004 2418 1302 2470 praedicatione
1341 2424 1381 2456 et
1414 2417 1582 2456 fraterni
1612 2417 1756 2456 amoris

255 2488 595 2528 demonstratione
620 2487 686 2526 hie
711 2488 788 2526 iam
814 2489 854 2526 in
880 2488 1030 2526 mundo
1055 2488 1205 2540 degens
1231 2487 1404 2526 Ecclesia
1431 2500 1548 2538 quam
1577 2476 1756 2538 proxime

255 2558 349 2596 olim
388 2558 436 2596 ad
475 2569 592 2596 verae
632 2556 829 2596 Ecclesiae
865 2559 1070 2597 notionem
1106 2557 1325 2596 accederet.
1382 2555 1467 2608 Ipse
1507 2568 1666 2594 manum
1707 2555 1756 2593 ad

256 2639 353 2679 opus
396 2627 572 2666 admovit
616 2627 789 2678 fecitque
833 2628 1074 2679 periculum,
1119 2634 1164 2665 ut
1204 2627 1396 2666 conderet
1434 2625 1670 2669 Ecclesiam,
1714 2624 1755 2661 in

254 2696 367 2735 cuius
405 2697 514 2748 rugis
554 2697 800 2748 expoliendis
835 2698 1080 2748 maculisque
1116 2709 1160 2735 ac
1190 2697 1325 2735 naevis
1356 2694 1633 2747 abstergendis
1662 2693 1755 2731 assi-

253 2766 372 2805 duam
401 2773 565 2806 navaret
592 2778 771 2818 operam,
811 2767 937 2806 donec
968 2767 1193 2819 primaevae
1224 2766 1297 2805 sub
1328 2764 1527 2817 Apostolis
1556 2762 1754 2802 Ecclesiae

305 2922 330 2964 1)
355 2930 497 2957 HERZOG.
522 2921 798 2964 Real-Enoyclop„
822 2920 857 2952 in
881 2931 970 2954 voce:
995 2905 1151 2954 Kirohe.
1176 2919 1305 2955 s.·576.
