1849 3239
792 99 866 139 431

90 236 226 289 »quod
255 241 414 288 praeter
442 242 618 274 mentem
648 234 719 273 Dei
749 240 1046 286 exponerentur
1061 231 1143 284 20).”
1183 230 1284 269 Sana
1310 236 1443 268 autem
1469 229 1579 267 insti-

90 313 176 345 tuta
215 305 546 357 interpretatione
585 312 724 356 sponte
765 316 916 342 summa
949 302 1017 341 Dei
1050 302 1231 341 voluntas
1266 313 1287 337 c
1319 312 1347 337 s.
1387 299 1580 349 scriptura

90 375 203 414 nobis
232 375 408 426 prodibit
438 381 599 427 propter
618 374 828 426 -egregiain
859 374 944 410 cius
989 369 1338 422 >›perspicuitatem,
1369 380 1447 405 non
1476 367 1581 405 enim

92 444 377 496 »cogitandum
416 451 496 489 est,
534 443 657 482 Deum
697 444 751 481 ita
781 442 894 480 nobis
926 441 1091 480 obscure
1122 447 1190 478 aut
1221 437 1403 489 ambigue
1438 434 1584 474 litteris

94 514 243 552 »sacris
280 514 509 557 mandasse,
550 525 650 564 quac
690 512 739 551 ad
775 512 942 550 salutem
977 519 1152 549 nostram
1183 516 1315 547 essent
1345 505 1585 547 necessaria,

95 589 169 622 »ut
207 595 287 621 non
326 583 430 622 clare
471 594 514 620 ac
549 581 722 620 dilucide
763 594 808 619 ea
845 580 1086 632 prodiderit,
1127 586 1250 630 utque
1285 589 1365 615 non
1395 574 1507 613 facile
1538 570 1586 609 ab

96 669 110 687 »
125 651 308 691 omnibus
338 658 499 703 possent
528 650 675 702 percipi
691 649 773 702 ²¹).”

149 720 185 759 h.
232 719 343 759 Verbi
379 718 638 758 ministerium.
696 717 932 756 Primarium
972 718 1012 755 in
1053 716 1163 755 vcrbi
1203 715 1424 754 ministerio
1460 713 1590 750 locum

96 789 429 848 praedicatio
470 795 655 839 occupat,
696 800 796 838 quae
837 794 897 825 est
955 786 1119 825 »divina
1161 784 1360 823 Ecclesiae
1392 780 1592 821 ordinatio

99 858 311 897 »instituta
350 858 399 896 ad
437 858 523 896 eius
561 856 876 895 aedificationem
894 855 985 908 22),”
1024 855 1136 893 cuius
1175 853 1385 905 praecipua
1425 863 1513 903 pars
1551 849 1593 887 in

98 940 144 966 eo
184 927 384 971 consistit,
424 933 468 965 ut
521 926 883 977 »quemadmodum
919 924 1030 964 verbi
1060 924 1206 968 divini,
1246 934 1326 961 non
1358 928 1491 959 autem
1520 918 1592 957 hu-

100 1007 335 1034 »manarum
374 994 635 1032 traditionum
674 993 941 1031 ministerium
981 999 1060 1036 est,
1101 992 1154 1029 ita
1194 1003 1292 1042 pura
1327 990 1446 1028 etiam
1476 995 1596 1040 atquc

101 1065 359 1115 »incorrupta
399 1063 579 1101 doctrina
619 1062 729 1100 verbi
774 1061 848 1100 Dei
884 1061 1082 1099 Ecclesiae
1122 1061 1207 1098 eius
1239 1072 1311 1111 ope
1343 1058 1598 1109 tradatur²³).

102 1151 117 1168 »
131 1133 313 1172 Graviter
347 1144 441 1183 ergo
472 1138 655 1183 peccant,
696 1131 762 1181 qui
795 1130 904 1168 verbi
935 1130 1203 1168 ministerium
1232 1130 1274 1167 in
1306 1127 1478 1166 Ecclesia
1509 1139 1598 1164 con-

103 1208 337 1245 „tem.nunt,
376 1200 510 1238 rident
541 1207 580 1238 et
612 1199 911 1250 traducunt²⁹);
951 1199 1069 1236 modo
1100 1199 1172 1249 ipsi
1204 1206 1381 1250 pastores
1411 1197 1451 1235 id
1482 1208 1598 1234 curae

102 1271 176 1309 sibi
199 1270 388 1320 cordique
411 1269 605 1313 habeant,
637 1275 679 1307 ut
701 1268 1000 1311 doctrinae,
1031 1280 1147 1318 quam
1177 1268 1320 1318 populo
1338 1266 1599 1308 annuntiant,

90 1345 118 1374 '»
136 1340 348 1378 veritatem
401 1339 524 1377 totius
567 1339 786 1389 scripturae
830 1338 1041 1375 consensui
1087 1336 1337 1388 approbare”
1386 1346 1602 1385 numquam

103 1409 308 1461 negligant
325 1407 382 1461 ²⁵).
427 1407 579 1446 Unitati
606 1419 764 1458 quoque
790 1414 830 1445 et
855 1406 1033 1444 unanimi
1062 1418 1151 1444 cum
1182 1404 1371 1443 fratribus
1403 1406 1482 1443 suis
1513 1416 1603 1442 con-

104 1479 237 1517 sensui
278 1478 461 1529 religiose
501 1477 794 1528 consulant2‘3),
831 1475 1018 1527 quoniam
1077 1487 1301 1526 »nusquam
1331 1474 1490 1512 aliunde
1521 1473 1607 1524 plus

105 1547 342 1586 »imminere
374 1558 486 1597 posse
517 1546 682 1597 periculi
712 1552 867 1584 constat
898 1546 937 1583 in
969 1545 1153 1583 omnibus
1179 1543 1384 1587 Ecclesfis,
1416 1555 1533 1594 quam
1559 1554 1607 1579 ex

107 1611 341 1655 »doctrinae
386 1615 577 1653 discidiis:
627 1614 724 1653 nihil
765 1627 857 1652 sane
899 1627 1024 1665 aeque
1055 1614 1174 1652 etiam
1207 1614 1303 1651 utile
1339 1625 1425 1651 esse
1456 1618 1607 1663 potest,

110 1702 124 1718 n
139 1697 256 1735 quam
295 1690 339 1722 ut
379 1684 577 1722 unanimis
617 1683 823 1722 doctrinae
863 1695 1078 1721 consensus
1109 1683 1147 1720 in
1180 1682 1257 1720 illis
1286 1683 1510 1720 retineatur
1527 1679 1609 1732 27).”

109 1752 189 1792 Nec
227 1760 359 1792 tamen
390 1761 552 1805 propter
580 1753 865 1791 minutissimas
895 1765 958 1790 res
989 1760 1028 1791 ct
1058 1752 1194 1790 sutiles
1226 1751 1473 1805 quisquillias
1503 1749 1609 1787 illico

109 1830 169 1860 est
199 1823 240 1860 in
270 1829 472 1861 certamen
503 1822 825 1861 descendendum
852 1834 940 1859 cum
967 1822 1035 1865 iis,
1066 1821 1132 1871 qui
1159 1819 1611 1870 diversam'opinionem

109 1898 296 1935 tuentur,
328 1904 418 1929 nam
463 1891 731 1930 »scindendac
762 1889 960 1928 Ecclesiae
992 1901 1070 1927 non
1102 1896 1194 1938 sunt
1225 1895 1387 1940 propter
1413 1900 1478 1931 ca,
1510 1899 1610 1938 quac

111 1971 212 1997 »nos
251 1970 297 1997 ex
338 1971 379 1997 se
419 1964 548 2009 neque
579 1959 804 2009 digniores,
844 1970 974 2008 neque
1005 1957 1253 2008 indigniores
1283 1969 1415 1995 coram
1447 1955 1527 1993 Deo
1557 1955 1610 1993 sa-

112 2040 230 2066 »cere
256 2036 420 2079 possunt
437 2027 519 2080 23).”
577 2026 640 2066 Sic
679 2039 837 2079 quoque
868 2027 907 2064 in
940 2026 1194 2065 Confessionc
1225 2025 1339 2068 fidei,
1381 2038 1498 2075 quam
1530 2024 1610 2062 edi-

112 2096 191 2141 dit,
231 2096 437 2135 doctrinae
477 2109 690 2141 summam,
730 2097 778 2134 de
820 2109 895 2146 qua
932 2096 1089 2134 nonnisi
1123 2108 1219 2139 una,
1259 2107 1422 2132 concors
1452 2101 1492 2132 et
1522 2106 1613 2131 con-

112 2166 288 2204 sentiens
341 2167 381 2204 in
434 2165 608 2204 Ecclesia
664 2178 738 2204 vox
783 2166 912 2204 audiri
957 2165 1097 2209 debet,
1152 2165 1199 2202 ad
1244 2164 1458 2202 solemnem
1506 2163 1611 2201 Petri

153 2391 193 2432 2⁰)
218 2391 276 2432 Ep.
301 2390 346 2422 ad
367 2390 528 2422 Hardenb.
554 2391 632 2430 (Ser.
657 2393 722 2422 ant.
747 2389 792 2422 II.
818 2390 863 2421 22.
890 2389 989 2428 (537).

153 2446 194 2485 21)
222 2446 324 2477 Tract.
346 2446 384 2477 de
407 2446 544 2478 Sacram.
566 2456 596 2487 p.
620 2444 711 2477 wsb.
736 2445 782 2476 Cf.
807 2444 849 2476 ib.
874 2455 903 2485 p.
928 2442 1020 2474 ssoh.

153 2501 193 2541 22)
218 2502 330 2532 Forma
353 2511 390 2532 ae
411 2504 472 2533 rat.
497 2501 569 2533 min.
592 2500 689 2532 Lond.
714 2511 743 2542 p.
761 2512 783 2542 η
800 2501 832 2530 et
855 2499 930 2531 144.
1048 2497 1088 2536 23)
1114 2496 1160 2528 lb.
1186 2507 1215 2538 p.
1241 2496 1270 2528 2.
1384 2496 1424 2536 ²⁴)
1452 2495 1497 2528 lb.
1522 2506 1552 2537 p.
1578 2499 1617 2530 θ,

154 2556 194 2596 ἱ’5)
219 2555 309 2587 Adm.
342 2556 375 2587 in
413 2556 501 2588 Cone.
538 2557 678 2589 Noviom.
715 2556 834 2597 OElmpl.
870 2564 908 2585 ασ
925 2554 988 2596 fid.
1015 2563 1102 2584 narr.
1129 2562 1158 2593 p.
1190 2552 1266 2591 53).
1292 2550 1338 2583 Cf.
1372 2551 1476 2585 Tmet.
1504 2552 1542 2584 de
1569 2553 1623 2584 Sca-

118 2621 212 2643 cram.
236 2610 331 2651 praef.
358 2611 408 2642 11.

155 2665 196 2704 26)
222 2666 334 2697 Forma
362 2676 399 2696 ae
425 2667 487 2697 rat.
522 2666 594 2697 min.
621 2665 719 2697 Lond.
745 2676 773 2706 p.
800 2665 856 2701 19,
882 2663 942 2702 25,
968 2663 1026 2701 84,
1053 2662 1131 2700 164,
1157 2661 1236 2700 287,
1262 2661 1341 2700 294,
1367 2660 1429 2692 368
1455 2661 1495 2694 al.
1545 2662 1620 2694 Tra-

118 2722 193 2751 ctat.
216 2719 254 2750 de
274 2720 410 2750 Sacram.
439 2720 508 2761 (Ep.
534 2719 578 2751 ad
598 2720 682 2751 Edw.
711 2719 767 2750 VI.
790 2730 820 2760 p.
845 2718 896 2749 20.
921 2717 1016 2759 praes.
1042 2717 1071 2749 6.
1096 2716 1126 2746 in
1151 2716 1218 2757 ipso
1241 2715 1310 2754 lib.)
1337 2715 1410 2754 67²¹,
1436 2717 1514 2747 114³
1532 2717 1621 2749 128³.

83 2763 210 2816 *Consi
230 2774 313 2816 fidei
336 2783 365 2814 p.
392 2774 421 2804 5.
451 2775 627 2812 (HERINGA.
653 2774 752 2813 237).
776 2773 824 2804 De
851 2772 1069 2803 incarnatione
1100 2771 1217 2801 (sm-isti
1240 2781 1268 2812 p.
1293 2770 1328 2808 2,
1353 2772 1384 2803 4.
1407 2771 1466 2812 Ep.
1489 2771 1533 2802 ced
1554 2772 1626 2802 Pel-

120 2831 172 2862 lio.
199 2831 277 2869 (Ser.
306 2831 372 2860 ant.
402 2828 448 2859 II.
473 2829 517 2860 1³.
545 2828 643 2867 532).
668 2829 725 2869 Ep.
754 2827 798 2858 cad
823 2827 904 2858 Dav.
937 2827 1045 2867 Gemy.
1076 2824 1130 2865 (ib.
1155 2824 1200 2856 ΙΙ.
1226 2825 1270 2855 13.
1294 2824 1370 2865 506)
1395 2825 1452 2867 Ep.
1474 2825 1519 2857 ad
1538 2826 1624 2857 Ball.

121 2884 176 2925 (ib.
200 2884 256 2915 IV.
288 2884 332 2914 1³.
357 2883 420 2914 451
446 2884 476 2913 ct
500 2883 577 2921 453)
602 2883 658 2924 Ep.
683 2882 728 2913 acl
750 2883 823 2913 Seu.
849 2881 918 2913 Pol.
947 2879 1000 2920 (ib.
1025 2880 1079 2912 IV.
1106 2881 1151 2911 1ϊ.
1175 2880 1275 2920 470).

156 2937 197 2979 27)
224 2940 339 2970 Forma
362 2948 401 2969 ac
423 2940 484 2970 rat.
508 2937 580 2969 min.
604 2937 701 2969 Lond.
724 2947 755 2977 p.
780 2936 854 2970 107.
988 2934 1027 2974 28)
1054 2934 1099 2966 Ib.
1123 2945 1153 2975 p.
1180 2935 1252 2967 156.
