1879 3239
694 833 1187 890 INTROITUS.

205 1269 208 1271 ’
243 1266 377 1307 Nostri
416 1266 563 1305 saeculi
601 1265 785 1305 homines
824 1265 873 1305 ab
903 1264 1102 1305 Ecclesiae
1133 1266 1413 1305 communione
1444 1268 1600 1319 proavis
1630 1280 1699 1307 no·

189 1337 281 1376 stris
323 1337 442 1387 longe
487 1335 708 1374 aversiores
753 1347 857 1380 esse,
905 1335 1182 1386 unusquisque
1223 1334 1337 1374 facile
1377 1336 1591 1382 concedet,
1631 1338 1699 1388 qui

188 1406 365 1457 paullum
409 1405 632 1444 accuratius
676 1405 802 1443 nostri
850 1404 1040 1456 temporis
1083 1404 1293 1443 historiam
1339 1404 1550 1444 observare
1591 1406 1700 1446 velit.

187 1474 287 1513 Falli
328 1481 461 1513 tamen
500 1474 598 1512 mihi
635 1473 845 1518 videntur,
881 1473 949 1524 qui
978 1473 1072 1511 hinc
1103 1472 1258 1525 Hegelii
1289 1475 1498 1525 systemati
1528 1475 1700 1526 philoso-

188 1544 304 1597 phico
344 1543 649 1583 fundamentum
689 1543 867 1581 substrui
906 1555 1019 1594 posse
1061 1543 1232 1594 opinati,
1271 1555 1411 1581 revera
1451 1550 1583 1582 actum
1614 1557 1700 1583 esse

182 1613 238 1652 -de
278 1612 452 1651 Ecclesia
490 1612 715 1655 clamitant,
754 1619 795 1650 et
828 1612 963 1650 irritos
993 1624 1078 1650 esse
1109 1624 1247 1651 eorum
1278 1619 1445 1651 conatus
1474 1612 1700 1658 habendos,

190 1682 259 1734 qui
289 1682 523 1720 semirutum
553 1679 751 1719 Ecclesiae
782 1680 1008 1720 aedificium
1037 1687 1263 1719 restaurare
1294 1681 1481 1720 studeant
1499 1680 1540 1732 ¹).
1589 1681 1702 1721 Fecit

188 1751 265 1790 hoc
303 1751 409 1790 inter
448 1751 544 1789 alios
583 1749 734 1794 Bothe,
774 1750 862 1801 qui,
901 1750 1080 1801 quamvis
1120 1763 1141 1788 a
1181 1750 1349 1802 Hegelio
1379 1751 1498 1802 longe
1533 1751 1701 1790 diversis

190 1820 392 1872 principiis
431 1819 671 1858 sententiam
711 1831 822 1857 suam
861 1826 1164 1871 superstruens‚
1194 1820 1235 1858 in
1269 1819 1509 1863 hoctamen
1539 1821 1702 1872 egregie

189 1903 278 1929 cum
318 1902 365 1928 00
404 1889 625 1941 conspirat,
666 1888 771 1940 quod
810 1887 1026 1927 Ecclesiam
1067 1889 1160 1927 olim
1200 1889 1455 1928 interituram
1495 1902 1581 1928 0550
1611 1903 1702 1929 cen·

189 1965 294 2004 seat,
325 1959 565 2009 simulatque
595 1958 817 2010 respublica
848 1958 1064 2010 perfectam
1093 1958 1153 1997 sui
1183 1959 1389 1997 notionem
1420 1965 1599 1998 assecuta
1629 1960 1701 2005 sit,

189 2035 230 2067 et
259 2028 376 2066 simul
404 2027 524 2065 huius
554 2027 827 2066 dissolutionis
852 2026 1000 2066 indicia
1026 2039 1106 2065 non
1132 2033 1289 2065 tantum
1314 2027 1356 2065 in
1381 2039 1429 2066 00
1455 2028 1701 2068 observanda

189 2110 273 2136 esse
313 2096 552 2141 arbitratur,
593 2097 699 2147 quod
737 2102 874 2135 nostro
914 2096 1073 2136 demum
1105 2103 1284 2149 tempore
1315 2099 1541 2137 communio
1570 2098 1702 2138 Eccle-

190 2167 345 2205 siastiea
385 2172 466 2205 tam
505 2167 646 2218 ingens
685 2166 837 2217 ceperit
876 2166 1083 2210 damnum,
1115 2166 1185 2205 sed
1215 2178 1310 2204 vero
1341 2166 1418 2205 iam
1450 2180 1471 2205 a
1501 2167 1701 2208 Reforma-

191 2235 311 2274 tionis
350 2235 444 2274 inde
485 2241 663 2287 tempore
703 2234 902 2274 Ecclesiae
938 2236 1143 2274 notionem
1175 2236 1216 2274 in
1246 2242 1442 2274 suammet
1472 2237 1594 2289 ipsius
1624 2238 1701 2277 dis-

190 2305 431 2343 solutionem
471 2304 640 2343 versisse
680 2305 881 2343 existimat
898 2305 937 2358 2).
995 2304 1190 2349 Ecclesia,
1221 2305 1349 2356 qualis
1378 2305 1498 2344 hodie
1529 2307 1650 2346 etiam
1681 2321 1702 2346 a

190 2375 390 2426 plerisque
430 2374 694 2425 intelligitur,
735 2373 906 2412 firmiter
935 2375 1062 2413 veteri
1094 2374 1289 2412 dualismo
1319 2387 1383 2413 res
1413 2375 1568 2414 divinas
1597 2376 1704 2415 inter

192 2449 311 2495 atque
350 2443 544 2482 humanas
583 2443 760 2488 innitur,
801 2450 841 2482 ct
881 2443 1216 2495 quemadmodum
1255 2444 1296 2482 in
1336 2445 1480 2484 ceteris
1519 2445 1703 2484 omnibus

192 2519 300 2551 aetas
328 2519 464 2551 nostra
504 2513 743 2551 dualismum
770 2512 882 2551 illum
912 2513 953 2551 in
983 2513 1068 2552 dies
1096 2513 1222 2565 magis
1248 2525 1435 2565 superare
1461 2514 1617 2559 studet,
1647 2515 1703 2553 sic

193 2594 351 2634 quoque
377 2580 576 2621 Ecclesiae
602 2582 756 2625 notioni
783 2582 954 2634 maligne
980 2582 1157 2622 invideat
1183 2595 1344 2621 neeesse
1361 2589 1442 2628 est,
1459 2583 1616 2634 quaein
1633 2596 1703 2622 sua

192 2651 241 2691 ad
289 2663 353 2690 res
390 2651 610 2690 mundanas
641 2651 836 2691 relatione
866 2652 1082 2698 tenaciter,
1112 2652 1144 2691 si
1175 2652 1271 2704 quid
1300 2652 1425 2698 aliud,
1455 2659 1615 2692 vetusto
1644 2665 1704 2692 cr-

231 2828 256 2869 1)
284 2827 331 2861 Cf.
356 2838 382 2861 e.
407 2837 438 2869 g.
462 2835 619 2868 smmss,
643 2828 694 2861 die
721 2829 792 2864 Chr.
825 2828 1072 2863 Glaubenslehre
1098 2829 1156 2870 ΙΙ,
1181 2828 1243 2862 620
1269 2839 1333 2872 sqq.

231 2883 256 2923 2)
282 2883 330 2915 Cf.
354 2891 483 2922 ROE'HE,
508 2883 714 2926 theoloyisohe
743 2885 861 2924 Ethik,
892 2885 963 2926 III,
990 2885 1074 2919 1010
1107 2896 1151 2928 sq.
1176 2887 1208 2917 ct
1233 2892 1403 2923 SCHWARZ,
1427 2894 1484 2916 zur
1514 2883 1622 2916 Gesoh.
1647 2882 1704 2915 der

194 2941 343 2971 neue-stem
371 2937 547 2981 Theoloqz'e,
572 2938 617 2972 2⁶.
641 2940 712 2972 aufl.
741 2941 771 2975 S.
796 2940 872 2974 284.
