1849 3239
795 89 840 128 81

73 234 218 263 sumus.
274 221 331 261 Ne
362 228 492 262 tamen
517 222 582 261 hic
611 221 871 261 subsistamus
902 221 1002 259 ratio
1032 220 1231 272 postulare
1258 219 1432 262 videtur,
1464 229 1562 268 quae

74 292 234 337 suadet,
264 298 308 330 ut
337 304 442 332 nunc
472 293 549 331 iam
579 304 600 331 e
630 291 768 335 rebus,
800 303 896 342 quas
926 291 1007 342 egit
1037 290 1119 341 ipsc
1149 295 1189 327 et
1214 288 1338 327 veluti
1364 287 1563 330 condidit,

75 361 224 400 Calvini
269 362 508 400 sententiam
553 366 842 412 percontemur.
914 359 1163 398 paucissimis
1206 357 1354 401 dicam,
1398 369 1468 394 cur
1511 355 1566 393 ita

74 430 299 469 faciendum
329 430 532 476 videatur;
564 429 978 480 videlieet,apcrtius‚
1005 435 1048 466 ut
1065 427 1139 465 hoc
1155 426 1325 478 primum
1342 436 1564 468 sumamus,

73 500 114 538 in
144 499 320 551 agendo,
351 512 468 550 quam
498 499 537 538 in
568 498 798 542 scribendo,
830 498 997 549 prodere
1029 510 1069 535 se
1099 509 1210 535 inens
1240 495 1413 533 humana
1443 494 1565 536 solet,

74 569 179 621 quod
209 580 256 607 eo
285 569 410 620 magis
439 569 480 607 in
510 574 644 606 nostra
675 580 790 606 causa
820 567 947 612 valet,
986 566 1174 618 quoniam
1203 565 1306 603 liber
1336 570 1376 603 et
1406 561 1564 614 expedi-

74 645 138 676 tus
167 638 208 676 in
239 638 447 676 scribendo
477 636 661 675 Calvinus
691 649 771 675 non
801 643 897 675 erat.
956 635 1106 688 Duplex
1133 636 1169 674 ci
1194 635 1385 674 continuo
1411 633 1566 671 allatra-

73 707 141 745 bat
179 706 328 750 hostis.
367 715 406 746 et
442 713 521 745 tam
557 705 866 744 Romanensium
905 706 1052 744 vetusti
1092 718 1267 749 errores,
1310 716 1426 755 quam
1456 702 1569 740 inno-

73 776 254 815 vationes
283 776 631 828 Anabaptistarum
662 775 808 827 ubique
838 776 1015 814 locorum
1044 774 1279 813 refutandae
1311 786 1353 812 ac
1378 771 1569 825 perstrin-

77 831 229 898 gendae
270 853 394 885 erant.
452 845 662 883 Praeterea
687 845 907 883 doctrinam
934 857 1044 882 suam
1066 857 1103 883 ds.
1133 844 1352 895 scripturae
1381 849 1570 891 tanquam

74 928 207 954 veram
248 922 365 967 atque
402 914 583 954 stabilem
614 913 832 965 approbare
862 914 980 957 solet,
1021 925 1099 964 quo
1139 913 1307 955 sactum,
1348 918 1392 949 ut
1422 910 1569 949 diserta

75 985 166 1024 novi
206 984 376 1023 foederis
416 983 642 1021 testimonia
681 993 761 1020 non
801 981 921 1019 semel
956 992 1047 1018 eum
1077 993 1097 1017 a
1128 979 1254 1017 deviis
1284 977 1571 1017 revocaverint.

78 1053 261 1097 Accedit,
301 1052 407 1104 quod
446 1052 487 1090 in
527 1051 771 1089 accuratiore
811 1049 1002 1100 pristinae
1040 1048 1113 1086 sub
1143 1047 1342 1099 Apostolis
1372 1045 1572 1084 Ecclesiae

77 1122 344 1161 delineatione
375 1127 608 1171 occupatus,
638 1118 816 1156 historici
846 1118 1049 1156 interdum
1081 1117 1232 1168 potius,
1264 1129 1384 1167 quam
1415 1116 1573 1167 dogma-

78 1191 146 1229 tici
185 1197 317 1241 partcs
356 1189 538 1227 sustinet.
598 1187 673 1226 Res
712 1199 869 1239 quoque
901 1187 1120 1238 gravissimi
1150 1186 1342 1224 momenti
1373 1184 1427 1222 ita
1459 1196 1574 1235 saepe

78 1259 307 1310 dirempsit,
348 1264 391 1296 ut
431 1257 729 1295 scolasticorum
770 1256 924 1307 placitis
955 1256 1120 1293 nimium
1157 1267 1272 1306 saepe
1303 1254 1504 1297 irretitus,
1535 1253 1574 1290 in

64 1327 363 1379 magniloquis,
417 1327 594 1365 obscuris
634 1339 677 1364 ae
725 1326 834 1377 vagis
878 1325 1035 1364 dicendi
1082 1324 1284 1363 interdum
1330 1321 1574 1373 acquieverit

78 1397 278 1441 formulis,
319 1396 425 1447 quod
465 1408 539 1434 usu
578 1396 696 1433 tritae
737 1402 851 1434 erant
887 1402 1006 1445 atque
1043 1394 1281 1445 divulgatae.
1340 1391 1450 1429 Tunc
1481 1402 1575 1442 quo-

78 1478 155 1516 que
194 1466 235 1503 in
275 1466 430 1517 seriptis
470 1465 550 1503 suis
589 1464 686 1503 haec
726 1465 791 1503 illa
832 1464 1121 1515 praetermisit,
1160 1470 1228 1501 aut
1258 1462 1388 1500 obiter
1419 1466 1575 1499 tantum

80 1535 233 1586 attigit,
274 1547 375 1586 quae
416 1534 583 1572 subinde
614 1534 654 1572 in
686 1534 814 1585 praxi.
853 1533 920 1571 ubi
952 1533 1072 1584 probe
1103 1532 1235 1570 onmia
1266 1531 1480 1569 cohaerere
1511 1530 1576 1568 de-

79 1603 197 1647 bent,
226 1610 265 1641 et
295 1603 395 1641 nihil
425 1604 571 1641 sinitur
600 1602 872 1646 indefinitum,
904 1602 1127 1640 accuratius
1151 1601 1330 1653 exposita
1356 1599 1577 1652 deprehen-

81 1671 232 1709 duntur
250 1671 286 1724 ¹).
345 1671 644 1711 Observandum
689 1672 861 1722 denique
905 1679 1011 1715 erat,
1056 1671 1162 1722 quod
1206 1671 1246 1708 in
1290 1670 1576 1721 compositione

82 1748 263 1779 versatur
298 1741 515 1792 disputatio
545 1748 689 1779 nostra.
748 1740 798 1779 Ut
829 1753 977 1792 aequae
1008 1741 1132 1792 igitur
1162 1740 1337 1778 trutinae
1368 1739 1577 1789 utriusque

81 1810 351 1847 reformatoris
381 1811 580 1848 sententia
610 1810 922 1861 appenderetur,
963 1810 1105 1848 similia
1135 1809 1292 1848 nonnisi
1325 1810 1413 1847 eum
1443 1807 1578 1846 simili·

81 1877 154 1916 bus
197 1878 368 1916 conferri
413 1885 608 1929 poterant.
666 1878 780 1930 Apud
824 1879 845 1915 a
889 1877 1011 1916 Lasco
1050 1885 1182 1917 autem
1223 1878 1292 1916 tali
1331 1876 1578 1916 distinctioni

81 1945 277 1985 theoriam
308 1947 414 1985 inter
443 1954 483 1985 et
513 1948 674 1999 praxin,
714 1948 843 1985 locum
874 1960 953 1985 non
985 1947 1090 1991 dari,
1127 1947 1219 1985 facit
1249 1947 1440 1990 sontium,
1470 1946 1577 1984 unde

81 2016 166 2054 eius
196 2016 376 2055 doctrina
405 2016 610 2060 hauritur,
642 2024 783 2055 natura
814 2029 856 2055 ac
887 2017 989 2055 ratio
1007 2017 1055 2070 ²),
1085 2017 1177 2055 facit
1208 2024 1248 2054 et
1278 2029 1412 2054 rerum
1443 2016 1576 2054 condi-

81 2085 158 2128 tio,
198 2097 273 2136 qua
306 2098 399 2124 usus
429 2092 500 2124 est.
557 2086 608 2125 Ut
638 2087 761 2138 igitur
791 2099 879 2124 eum
910 2086 1061 2125 Calvini
1092 2087 1140 2125 de
1172 2086 1346 2124 Ecclesia
1377 2084 1576 2123 sententia

83 2166 131 2192 ex
161 2166 287 2206 aequo
317 2153 429 2193 Lasci
460 2162 632 2207 systema
659 2156 877 2207 comparari
901 2162 1042 2207 queat,
1073 2155 1225 2194 Calvini
1252 2168 1408 2206 quoque
1435 2153 1579 2205 agendi

82 2224 184 2261 ratio
220 2225 464 2274 paucissimis
494 2224 684 2263 illustrari
715 2225 846 2263 debet.
905 2224 1051 2263 Ordine
1082 2225 1206 2276 igitur
1236 2224 1484 2275 inquiretur,
1524 2224 1578 2260 40.

84 2304 279 2343 quaenam
329 2292 528 2331 Ecclesiae
567 2294 692 2332 forma
733 2307 816 2332 sese
857 2294 988 2345 prodit
1027 2294 1067 2332 in
1108 2293 1262 2332 libello:
1314 2292 1582 2331 Ordonnaozces

87 2359 400 2413 Ecclesiasciques
442 2362 488 2400 (lc
535 2363 696 2407 (joveam
745 2365 800 2401 2⁰.
845 2363 1042 2414 quomodo
1086 2363 1127 2401 in
1167 2363 1248 2414 ipsa
1289 2362 1580 2402 Genevensium

142 2547 165 2587 l)
192 2546 308 2578 Contra
336 2557 423 2588 saepe
454 2557 574 2589 quoque
610 2548 779 2589 temporis,
812 2558 872 2589 quo
902 2546 1041 2586 vivebat,
1076 2546 1230 2578 rationem
1261 2546 1463 2588 impedivisse
1496 2556 1582 2584 eum,

88 2601 255 2643 quominus
278 2601 372 2632 talem
396 2604 520 2644 tamque
543 2602 580 2633 ab
608 2602 693 2633 omni
724 2604 811 2644 parte
835 2602 1003 2643 perfectam
1036 2602 1216 2633 institueret
1239 2588 1428 2640 Ecclesiam,
1461 2600 1584 2642 qualem

88 2656 154 2698 ipse
183 2656 405 2696 exoptavisset,
430 2655 563 2687 libenter
591 2657 743 2695 concedo,
773 2667 871 2698 neque
896 2657 1021 2698 praevia
1044 2656 1283 2687 ratiocinatione
1301 2666 1413 2696 negare
1431 2656 1463 2687 in
1480 2657 1584 2687 animo

39 2752 43 2756 Δ
88 2714 162 2743 erat.
202 2711 270 2742 Hoc
293 2713 417 2742 tantum
438 2711 534 2744 volui.
574 2712 702 2754 Saepius
725 2713 757 2743 in
774 2712 930 2749 Ecclesia,
955 2723 1046 2753 quam
1066 2712 1132 2753 ipsc
1151 2711 1304 2750 condidit,
1329 2711 1440 2742 melius
1460 2710 1586 2741 Calvini

62 2785 65 2787 ·
88 2767 244 2808 cogitandi
268 2767 419 2798 rationem
443 2768 584 2807 cognosci
606 2779 712 2810 posse,
738 2777 830 2810 quam
854 2767 887 2797 in
912 2767 1037 2809 seriptis
1062 2767 1178 2808 ipsius,
1203 2766 1256 2797 ubi
1279 2766 1378 2797 libere
1399 2769 1480 2797 certe
1503 2775 1587 2796 men-

86 2825 152 2854 tem
176 2833 264 2853 suam
286 2832 347 2852 non
372 2822 515 2854 excussit.

142 2878 166 2918 2)
193 2877 351 2910 Nimirum
380 2889 485 2909 omnes
514 2878 574 2909 fere
596 2878 698 2909 libelli
723 2881 813 2918 sunt,
839 2888 914 2920 quos
938 2878 1119 2918 conscripsit
1144 2877 1177 2908 iu
1208 2887 1300 2908 usum
1321 2876 1507 2917 liturgicum
1530 2874 1586 2905 Ee-

90 2931 270 2971 elesiarum,
295 2932 408 2974 quibus
431 2933 511 2964 serie
536 2933 681 2974 praefuit.

1393 2990 1408 3012 6
