1849 3239
934 89 1011 127 112

225 222 444 273 composuit
468 221 517 275 2),
555 220 656 259 nihil
696 220 803 259 aliud
833 221 990 273 proprie
1022 220 1096 260 sibi
1126 222 1233 266 vult,
1272 234 1390 273 quam
1423 228 1468 260 ut
1497 223 1719 261 accuratius

224 290 394 341 primum
433 291 579 335 varias,
619 303 718 341 quae
758 302 847 328 cum
886 288 1058 329 Ecclesia
1103 291 1338 329 coniunctae
1382 298 1495 336 sunt,
1534 292 1718 330 notiones

222 368 496 411 perscrutetur
525 368 565 399 et
594 360 812 411 expendat,
851 359 996 399 deinde
1034 361 1271 412 coniungat,
1310 372 1410 411 quae
1445 361 1601 412 praevia
1642 361 1730 410 dis<

222 430 385 480 quisitio
424 430 645 473 invenerit,
683 435 893 480 componat
932 441 976 467 ac
1015 430 1175 481 colligat
1214 429 1255 467 in
1295 441 1438 473 unum,
1476 436 1522 468 ut
1556 430 1718 468 tandem

222 500 341 538 variis
370 499 568 538 Ecclesiae
598 497 774 535 notionis
802 496 1012 542 memhris,
1042 505 1086 536 ut
1112 498 1165 536 ita
1192 498 1341 543 dicam,
1369 498 1445 536 rite
1471 492 1717 550 compositis,

221 580 308 606 eam
334 568 492 607 tandem
519 567 744 618 plenissima
762 566 960 606 Ecclesiae
985 566 1166 606 definitio
1192 567 1369 619 prodeat.
1413 566 1541 619 Igitur
1567 567 1718 605 omissis

220 637 384 688 reliquis
423 636 624 680 omnibus,
665 649 765 687 quae
804 636 846 674 in
885 636 1019 675 libello
1059 637 1126 675 illo
1156 637 1414 689 reperiuntur
1442 637 1716 681 definitiones,

220 718 305 744 eam
345 712 522 750 tantum,
553 717 652 756 quae
684 705 823 744 ordine
854 712 1051 757 postrema
1082 712 1163 750 est,
1193 713 1233 744 ct
1264 706 1424 757 quidem
1449 705 1512 744 hic
1543 706 1623 744 illic
1648 717 1719 757 per

219 774 450 826 compendia
481 773 762 812 describemus.
820 773 883 811 Sic
907 773 990 812 fere
1016 785 1101 812 sese
1126 772 1266 812 habet:
1313 791 1328 808 n
1344 772 1395 812 So
1411 773 1443 812 is
1458 773 1536 812 dan
1552 773 1601 812 de
1618 772 1718 812 th-

220 849 410 895 »meynte
450 841 616 888 Christi,
656 842 705 881 de
745 841 1065 894 vergaderinghe
1109 842 1178 881 des
1218 842 1434 881 menschen
1471 849 1554 882 met
1591 843 1717 882 haren

220 930 234 947 »
248 913 364 956 zade,
393 912 475 965 (die
508 925 583 951 van
614 924 739 951 onzen
770 919 928 950 eersten
958 912 1081 951 vader
1107 911 1253 957 Adam,
1283 918 1343 951 tot
1378 913 1455 951 den
1486 913 1617 965 eynde
1648 913 1718 952 des

217 983 408 1022 »werelts
438 990 525 1027 toe‚
556 982 607 1032 bij
641 983 690 1021 de
720 989 885 1021 stemme
917 978 1049 1027 Gods,v
1070 982 1169 1021 door
1197 982 1247 1021 de
1278 982 1508 1035 Enghelen‚
1547 982 1717 1035 Prophe-

217 1058 314 1090 »ten
345 1052 446 1091 ende
477 1051 701 1097 Christum,
739 1051 977 1104 mitsgaders
1006 1053 1081 1102 zijn
1113 1051 1328 1104 Apostelen
1358 1051 1717 1104 voortghebracht,

217 1127 303 1159 »Wt
332 1121 380 1160 de
408 1120 609 1160 menichte
637 1134 713 1160 van
740 1121 844 1159 allen
870 1109 1047 1160 anderen
1071 1112 1286 1160 menschen
1313 1121 1600 1174 wtghcroepen
1625 1134 1717 1173 zyn-

215 1207 230 1223 »
245 1191 315 1234 de,
346 1190 388 1229 os
413 1190 515 1229 noch
547 1203 682 1230 wesen
715 1191 784 1240 sal)
824 1190 1003 1242 gheloost
1038 1190 1139 1229 ende
1169 1190 1329 1241 belijdt,
1369 1198 1436 1242 tzy
1465 1191 1717 1243 eygentlick‚

215 1266 310 1311 »tzy
337 1259 638 1311 openbaerlick,
670 1259 712 1297 of
737 1266 818 1298 met
853 1252 930 1298 den
962 1260 1129 1304 monde,
1169 1260 1211 1298 of
1236 1266 1318 1298 met
1358 1259 1717 1312 onderhoudinghe

215 1329 318 1367 »der
356 1327 618 1367 Cercmonien
659 1340 734 1367 van
775 1327 930 1367 Christo
970 1328 1209 1381 inghestelt,
1249 1329 1350 1368 end'c
1395 1329 1444 1368 de
1483 1329 1717 1381 hewijsinge

214 1415 229 1432 u
244 1397 316 1436 der
346 1396 538 1448 Ampten,
568 1408 642 1434 nae
674 1396 752 1435 den
783 1409 878 1448 rocp
911 1410 984 1435 van
1015 1409 1089 1435 cen
1115 1397 1392 1448 yeghelicken.
1437 1396 1510 1434 Dat
1538 1397 1586 1435 de
1614 1396 1717 1435 Sone

214 1466 363 1506 »Marie
390 1466 675 1505 warachtelick
700 1465 813 1505 Jesus
847 1468 916 1516 zij,
1037 1466 1104 1504 dat
1130 1465 1185 1517 hy
1212 1466 1309 1504 oeck
1331 1466 1364 1504 is
1380 1466 1420 1504 in
1438 1465 1486 1504 de
1504 1465 1720 1517 ghemeyn-

215 1549 333 1588 »scap
360 1548 430 1575 ons
456 1535 658 1575 vleesches
685 1534 1066 1587 volghenoechsaam
1090 1533 1380 1579 Salichmaker,
1406 1535 1542 1584 dathij
1562 1533 1644 1573 God
1662 1547 1720 1586 zy.

217 1605 380 1645 »Bouen
407 1605 520 1650 dien,
546 1605 611 1644 die
637 1605 733 1643 daer
757 1604 898 1655 belijdt
923 1605 1045 1644 desen
1071 1605 1210 1643 seluen
1232 1604 1366 1644 Jesum
1383 1612 1422 1644 te
1439 1617 1574 1643 wesen
1591 1603 1721 1643 Chris-

218 1692 232 1709 »
247 1682 331 1714 tum
358 1674 425 1727 3).”
482 1673 630 1712 Passim
653 1686 812 1725 quoque
829 1674 869 1712 in
888 1674 1052 1725 reliquis
1078 1674 1163 1712 eius
1180 1675 1376 1726 opusculis
1392 1674 1719 1712 definitiunculae

218 1745 411 1796 quaedam
434 1750 669 1787 occurrunt,
685 1744 812 1782 multo
829 1743 993 1781 minoris
1009 1750 1142 1782 tamen
1160 1744 1277 1795 pretii
1294 1743 1513 1782 habendae.
1560 1742 1622 1782 Sic
1639 1755 1672 1782 v.
1690 1756 1721 1781 c.

217 1814 391 1853 Ecclesia
421 1814 569 1852 dicitur
613 1812 786 1851 »Coetus
813 1811 1013 1856 fidelium,
1042 1812 1083 1850 in
1108 1813 1270 1861 nomine
1297 1812 1443 1868 Christi
1469 1812 1617 1864 ubique
1645 1819 1721 1850 ter-

221 1896 384 1922 »rarum
415 1883 607 1921 collectus
634 1880 706 1934 4),”
746 1888 786 1919 et
826 1880 919 1918 alibi
950 1893 1088 1918 rursus
1131 1897 1147 1914 »
1162 1880 1327 1925 Coetus,
1366 1882 1407 1919 in
1447 1894 1525 1932 quo
1566 1881 1722 1933 publice

221 1960 363 1992 »sonat
393 1965 471 1992 vox
501 1951 571 1990 Dei
601 1951 642 1989 in
672 1950 894 2001 Euangelio
934 1949 1080 1988 Christi
1110 1963 1301 2002 perquam
1330 1950 1504 1989 mirabili
1535 1949 1605 1988 Dei
1636 1962 1723 2001 pro-

222 2022 429 2061 »videntia
455 2021 483 2074 ⁵)
496 2020 528 2065 ,''
559 2027 599 2059 et
629 2020 684 2058 sic
714 2020 847 2071 plures
883 2019 1003 2057 etiam
1034 2020 1224 2071 expiscari
1256 2021 1492 2072 potuissem,
1532 2031 1628 2071 quas
1667 2025 1722 2057 ta-

221 2105 313 2132 men
343 2090 565 2143 compendii
596 2101 712 2127 causa
739 2079 880 2127 omitto
908 2100 1043 2127 omnes
1070 2096 1229 2140 praeter
1252 2088 1356 2127 hanc
1379 2101 1518 2127 unam:
1548 2087 1723 2126 Ecclesia

222 2169 283 2201 est
322 2172 451 2200 »eene
476 2157 824 2211 verghaderinghe
849 2158 922 2196 der
947 2157 1131 2196 Christen
1158 2158 1456 2210 gheloouighen
1482 2170 1530 2210 op
1555 2158 1724 2202 aerden,

224 2244 328 2270 »van
368 2229 513 2268 Adams
553 2229 677 2280 tyden
718 2241 814 2273 aen,
853 2235 914 2267 tot
953 2241 1007 2266 nu
1048 2236 1134 2272 toe,
1173 2228 1275 2267 ende
1315 2227 1425 2266 noclr
1455 2234 1513 2266 tot
1543 2230 1615 2266 aa'n
1646 2228 1724 2266 den

226 2300 386 2352 »eynde
416 2299 486 2338 dcs
516 2299 678 2338 werelts
708 2298 910 2342 durende,
949 2297 1210 2349 gheheylicht
1249 2298 1347 2336 door
1386 2298 1463 2336 den
1498 2296 1724 2348 Heylighcn

226 2369 423 2415 »thest,
462 2368 564 2407 ende
604 2367 660 2406 als
698 2367 910 2406 lidtmaten
944 2367 985 2404 in
1015 2379 1089 2405 een
1119 2366 1288 2405 lichaem
1319 2366 1444 2405 ondcr
1474 2366 1548 2404 een
1579 2364 1726 2404 Hoosdt

227 2456 243 2474 n
257 2445 296 2478 te
327 2436 711 2490 zamenghevoecht,
741 2442 802 2475 tot
827 2436 946 2475 harer
971 2435 1266 2488 opbouwinghe
1300 2435 1341 2474 in
1375 2434 1403 2473 't
1420 2434 1590 2486 gheloue
1624 2434 1726 2473 ende
1776 2474 1780 2478 ,

228 2509 332 2547 »alle
362 2508 487 2560 goede
518 2503 652 2546 werck
678 2504 743 2558 6).”

281 2603 306 2643 2)
331 2603 405 2634 Esse
434 2613 542 2634 revera
570 2602 651 2633 hanc
681 2600 904 2633 confessionem
933 2600 970 2632 ab
995 2599 1013 2631 a
1037 2600 1133 2632 Lasco
1161 2599 1196 2631 in
1223 2611 1316 2632 usum
1338 2600 1424 2633 Eccl.
1451 2600 1549 2632 Lond.
1575 2600 1727 2642 conscrip-

230 2661 311 2696 tam,
335 2658 492 2689 divinavit
513 2658 637 2700 potius,
661 2668 754 2700 quam
776 2657 1004 2689 demonstravit
1029 2656 1077 2688 Cl.
1103 2664 1218 2688 VINIOE.
1244 2664 1398 2687 HERINGA
1419 2655 1515 2687 Kerk.
1537 2656 1669 2688 Raadvr.
1690 2667 1727 2687 cn

228 2713 345 2753 Raadg.
376 2712 431 2745 IV.
463 2721 499 2744 11.
530 2712 601 2744 Utr.
633 2712 731 2744 1843.
769 2723 799 2754 p.
826 2712 887 2744 5229
913 2722 959 2754 sq.
1006 2711 1075 2754 Quo
1100 2711 1167 2741 iure
1197 2711 1292 2742 Lasco
1319 2712 1425 2742 tamen
1448 2720 1516 2742 eam
1543 2710 1728 2748 tribuerim‚'

230 2768 264 2800 in
287 2777 416 2809 operum
439 2766 539 2807 ipsius
563 2766 698 2798 editione
723 2767 892 2799 ostendam.

283 2823 308 2862 ³)
337 2822 425 2864 Cous.
439 2822 532 2864 fidei.
556 2832 585 2862 p.
612 2822 668 2853 23·ιί
692 2824 723 2853 et
747 2822 798 2853 24.
826 2823 1002 2862 (HERINGA.
1028 2819 1214 2860 274—76.).
1252 2838 1256 2844 -

283 2877 309 2918 ⁴¹)
334 2877 446 2908 Forma
469 2887 507 2907 ac
529 2879 590 2908 rat.
615 2877 686 2909 min.
714 2877 812 2908 Lond.
837 2887 866 2918 p.
891 2875 965 2909 176.
991 2874 1105 2910 Cf.‚ib.
1132 2875 1205 2906 538.
1339 2875 1363 2915 5)
1388 2874 1436 2908 Ib.
1461 2886 1490 2917 p.
1516 2876 1589 2909 166.

284 2933 310 2973 6)
338 2934 407 2965 Cat.
432 2931 530 2964 Lond.
556 2931 627 2963 mai.
653 2941 683 2972 p.
709 2930 761 2966 76.
1141 2926 1145 2929 “
1244 2927 1247 2928 ’
