1879 3239
991 91 1041 129 50

267 221 447 274 »Corpus
477 224 575 262 adeo
606 223 749 262 Christi
782 223 1025 274 vegetandae
1057 235 1099 261 ae
1130 222 1389 261 vivificandae
1420 222 1573 260 animae
1598 228 1758 260 nostrae

267 293 433 330 »unicus
470 293 580 331 cibus
616 300 685 331 est.
744 292 848 337 Quos
878 292 1002 342 igitur
1031 305 1125 330 usus
1155 292 1308 343 corpori
1340 292 1473 329 vinum
1504 291 1636 335 affert,
1676 303 1759 329 eos-

267 360 386 399 »dem
438 362 699 413 spiritualiter
750 360 993 411 affer(untur)
1042 361 1156 400 nobis
1210 360 1355 408 Christi
1409 362 1622 412 sanguine,
1666 366 1760 398 sunt

268 446 283 463 »
296 437 450 475 autem,
480 430 637 474 fovere,
668 429 854 473 reficere,
886 430 1146 475 confirmare,
1177 429 1398 469 exhilarare
1419 429 1501 482 ⁶⁵).”
1545 429 1766 481 Propterea-

267 506 401 537 autem
430 499 582 538 fructus
606 500 693 536 illos
718 498 831 537 nobis
855 498 991 543 affert,
1023 500 1127 550 quod
1172 499 1240 537 »in
1266 511 1390 537 unum
1412 510 1552 549 corpus
1577 511 1649 536 nos
1671 509 1760 540 eum

267 567 454 606 »Christo
484 568 704 606 coalescere
734 568 848 612 facit,
878 575 923 606 ut
949 568 1144 620 quidquid
1170 569 1293 619 ipsius
1320 569 1392 612 sit,
1422 575 1603 606 nostrum
1629 566 1761 606 vocari

268 637 389 675 »licet
405 636 491 689 ⁶⁶).''
563 636 672 674 Tunc
711 649 868 687 quoque
904 637 1142 676 confessioni
1182 644 1341 675 nostrae
1381 637 1570 682 inservit,¹
1625 635 1761 688 »quod

267 706 401 743 »enim
440 705 624 743 iubemur
661 712 832 744 mortem
869 705 1023 744 Domini
1063 707 1322 750 annuntiare,
1351 728 1404 734 —
1432 718 1512 744 non
1543 706 1650 744 aliud
1681 711 1757 748 est,

266 774 370 811 »nisi
415 780 459 812 ut
504 775 582 813 oris
625 774 872 813 consessione
917 775 1211 826 praedicemus,
1255 775 1361 825 quod
1404 774 1503 813 fides
1547 762 1681 813 nostra
1721 774 1762 811 in

266 850 542 881 »sacramento
568 844 751 895 agnovit,
777 850 948 882 mortem
975 856 1024 882 sc.
1052 843 1199 882 Christi
1225 850 1401 882 nostram
1426 856 1512 882 esse
1537 844 1659 882 vitam
1675 843 1761 896 ⁶⁷).’'

263 909 442 962 Denique
472 912 763 952 exhortationis
792 914 879 952 loco
910 914 1024 951 nobis
1053 925 1138 952 esse
1171 912 1302 951 debet.
1347 912 1473 958 »Quis
1504 913 1609 951 enim
1636 912 1764 951 acrior

264 980 496 1020 »admoveri
538 983 722 1021 stimulus
763 989 919 1034 poterat
958 983 1007 1021 ad
1043 983 1293 1021 excitandam
1332 989 1511 1020 mutuam
1546 983 1652 1020 inter
1691 993 1764 1020 nos

262 1065 278 1083 »
292 1049 548 1096 charitatem,
588 1065 705 1103 quam
745 1052 839 1090 dum
879 1051 1058 1090 Christus
1093 1064 1134 1090 se
1174 1053 1301 1103 ipsum
1336 1052 1451 1090 nobis
1481 1051 1654 1096 donans,
1694 1063 1764 1089 suo

263 1135 279 1152 »
293 1121 496 1171 exemplo,
535 1127 580 1159 ut
620 1122 721 1159 alter
750 1121 866 1159 alteri
897 1134 967 1160 nos
998 1128 1137 1160 mutuo
1167 1122 1433 1160 devoveamus
1464 1134 1508 1159 ae
1540 1120 1764 1164 tradamus,

264 1188 437 1227 »invitat
453 1188 536 1242 68).”’
595 1188 799 1234 Quatenus
839 1198 974 1229 autem
1015 1197 1325 1235 sacramentum,
1366 1191 1472 1229 unde
1513 1197 1594 1228 tam
1632 1189 1764 1227 multi-

259 1258 348 1308 plex
389 1259 428 1296 in
468 1270 539 1296 nos
579 1258 733 1298 fructus
772 1260 991 1305 redundat,
1030 1260 1252 1299 necessarie
1298 1261 1349 1298 sit
1399 1273 1419 1297 a
1469 1255 1630 1297 Calviho
1674 1271 1765 1297 cum

262 1327 388 1366 salute
428 1335 562 1366 nostra
601 1329 880 1373 coniunctum,
920 1330 974 1367 ita
1012 1337 1057 1368 ut
1087 1330 1172 1368 sine
1203 1329 1342 1368 scdulo
1373 1328 1458 1366 eius
1487 1340 1562 1365 usu
1592 1333 1766 1377 nequeat

263 1409 283 1434 a
323 1396 438 1435 nobis
474 1405 681 1436 aeternum
713 1399 879 1437 exitium
912 1399 1059 1443 averti,
1095 1397 1142 1436 cx*
1174 1399 1240 1443 iis,
1280 1410 1380 1449 quae
1411 1409 1529 1448 supra
1560 1397 1609 1435 de
1640 1408 1764 1434 sacra-

262 1465 409 1502 mentis
434 1465 474 1502 in
502 1478 648 1517 genere
675 1466 867 1511 diximus,
895 1467 990 1505 satis
1017 1473 1104 1504 tute
1132 1467 1278 1518 poterit
1304 1465 1416 1504 effici.
1462 1463 1588 1502 Simul
1614 1471 1765 1508 tamen,

263 1533 303 1571 et
333 1533 372 1570 in
404 1532 478 1571 hoc
510 1535 763 1584 quaestione,
793 1535 832 1573 e't
863 1536 903 1573 in
934 1535 1099 1586 reliquis
1130 1535 1334 1578 omnibus,
1371 1546 1472 1584 quae
1502 1540 1766 1572 sacramento·

262 1613 351 1639 rum
377 1602 552 1641 indolem
583 1610 702 1655 atque
734 1617 850 1642 usum
881 1611 1082 1656 spectant,
1113 1603 1234 1655 probe
1261 1603 1480 1641 tenendum
1510 1609 1592 1646 cst,
1630 1614 1766 1640 »arca-

267 1683 390 1710 »num
425 1671 482 1724 (id
521 1674 611 1725 esse)
640 1674 899 1724 mysterium,
939 1674 1002 1712 cui
1032 1686 1104 1711 nec
1135 1685 1246 1711 mens
1276 1672 1391 1724 plane
1421 1671 1656 1723 cogitando,
1693 1682 1766 1708 nec

267 1740 430 1792 »lingua
462 1742 696 1794 explicando
726 1756 796 1794 par
825 1755 909 1782 esse
940 1749 1073 1795 potest
1089 1741 1171 1795 ⁶⁹).''

403 1878 442 1918 B.
488 1879 830 1919 SACRAMENTORUM
860 1891 1171 1919 AnMileTRATro.

322 1961 354 1986 a.
398 1948 453 1987 De
495 1950 743 1989 sacramentis
785 1950 827 1988 in
868 1963 1012 2001 genere.
1077 1949 1190 1995 Quod
1234 1949 1275 1987 in
1319 1953 1658 1987 sacramentorum
1691 1957 1767 1984 usu

269 2017 504 2069 utrobique,
535 2026 615 2058 tam
646 2020 686 2058 in
716 2020 933 2071 baptismo,
965 2032 1081 2071 quam
1112 2019 1152 2057 in
1183 2031 1212 2057 5.
1244 2017 1395 2063 Coena,
1425 2018 1553 2056 simile
1583 2022 1663 2060 est,
1692 2014 1770 2053 huc

269 2086 352 2125 sere
392 2088 507 2127 redit.
561 2087 906 2128 Sacramentorum
943 2088 1236 2128 administratio
1266 2087 1315 2127 ad
1345 2088 1448 2126 solos
1478 2093 1656 2139 pastores
1686 2097 1771 2137 per-

269 2156 374 2195 tinet
400 2156 457 2209 70).
529 2156 643 2202 Quod
697 2166 830 2197 tamen
884 2158 1161 2199 tantummodo
1216 2157 1320 2196 valet
1365 2157 1405 2195 in
1449 2155 1625 2195 Ecclesia
1670 2155 1771 2194 bene

311 2326 351 2365 65)
377 2326 456 2358 [nst.
481 2326 535 2359 IV.
561 2327 613 2361 17.
640 2327 670 2359 3.
696 2327 733 2358 cf.
758 2326 813 2357 IV.
843 2327 877 2364 9,
903 2326 960 2365 32,
987 2324 1040 2358 37.

287 2393 290 2397 ²
313 2382 353 2421 66)
378 2382 456 2414 Inst.
482 2382 536 2414 IV.
562 2382 614 2416 17.
639 2381 670 2413 2.
804 2380 844 2421 ¹37)
871 2382 949 2412 Just.
975 2380 1030 2412 IV.
1055 2378 1107 2412 17.
1133 2378 1186 2412 37.

310 2436 350 2478 68)
377 2439 455 2470 [nst.
480 2437 536 2469 IV.
562 2437 614 2471 17.
640 2438 691 2469 38.
721 2437 758 2469 cf.
783 2436 838 2468 IV.
865 2437 916 2471 17.
942 2436 993 2467 18.
1024 2435 1072 2466 De
1099 2435 1201 2466 Coena
1225 2434 1313 2465 Dom.
1338 2432 1426 2463 Tom.
1451 2430 1545 2464 VIII.
1571 2429 1624 2470 6b,
1650 2431 1701 2470 82,
1727 2431 1776 2462 91).

274 2493 343 2524 Cat.
372 2495 446 2526 Gen.
471 2493 558 2525 Tom.
581 2492 673 2524 VIII.
701 2492 769 2526 272.
797 2492 885 2533 Cous.
900 2492 964 2533 fitl.
987 2503 1017 2522 η.
1044 2491 1132 2523 Eccl.
1161 2490 1243 2522 Gall.
1267 2488 1356 2520 Tom.
1372 2487 1465 2520 VIII.
1491 2487 1559 2521 97³.
1590 2487 1671 2519 Vera
1693 2486 1778 2524 Eccl..

273 2549 334 2591 ref.
358 2551 419 2580 rat.
444 2548 530 2581 Tom.
555 2547 647 2578 VIII.
674 2546 768 2579 28212.

311 2604 351 2644 69)
378 2604 458 2635 Just.
488 2603 543 2635 IV.
576 2603 627 2636 17.
661 2602 689 2634 6.
722 2601 760 2633 cf.
791 2600 846 2632 IV.
879 2600 930 2633 17.
965 2600 1016 2631 32.
1056 2599 1144 2641 Cmff.
1171 2599 1234 2640 fid.
1263 2609 1293 2629 η.
1328 2598 1416 2630 Eecl.
1453 2597 1534 2629 Gall.
1566 2595 1654 2627 Tom.
1685 2595 1778 2627 VIII.

274 2657 345 2693 971³.
369 2677 412 2681 -—
436 2660 466 2689 et
483 2665 667 2688 SCHENKEL.
692 2656 755 2689 o.l.
780 2656 807 2687 I.
826 2656 898 2688 561.
923 2663 1103 2692 HOFFMAN,
1134 2653 1304 2695 symbolik,
1328 2653 1358 2685 S.
1380 2651 1455 2683 435.
1480 2659 1574 2683 HASE.
1599 2651 1655 2682 Ev.
1671 2651 1779 2692 Doym.

273 2715 350 2750 447.
382 2716 428 2755 (5Θ
452 2714 512 2754 ed.)
538 2722 660 2746 WINER.
690 2713 791 2754 Comp.
816 2712 924 2743 Darst.
950 2711 1005 2742 des
1028 2711 1137 2742 Lehrb.
1162 2709 1219 2740 der
1244 2709 1360 2740 versele.
1393 2708 1504 2740 Kirelc.
1528 2707 1603 2749 Lpz.
1627 2705 1723 2737 1824.
1748 2705 1779 2736 S.

274 2770 337 2802 133
369 2781 412 2812 sq.
445 2778 664 2801 HAGENBACH.
696 2768 937 2810 Doymenqesclz.
974 2768 1063 2805 (vers.
1094 2764 1175 2805 belg.
1209 2765 1293 2795 1858
1322 2774 1351 2806 p.
1378 2764 1464 2804 685.)
1491 2771 1590 2796 BAUR.
1615 2762 1725 2794 Lelerb.
1750 2760 1781 2793 d.

274 2827 339 2858 clar.
364 2826 604 2868 Doqmenyesch.
629 2825 663 2856 2Θ
688 2824 737 2855 ed.
761 2823 790 2856 S.
817 2822 891 2854 339.
914 2823 1023 2853 DONZE'
1048 2831 1075 2853 o.
1093 2819 1113 2851 1.
1138 2831 1168 2861 p.
1195 2821 1234 2851 16
1262 2830 1322 2862 sq.,
1350 2819 1401 2851 24.

309 2880 350 2921 7⁰)
381 2880 467 2922 Conf.
483 2880 546 2922 fid.
570 2891 602 2912 n.
624 2879 707 2911 Eccl.
736 2879 817 2910 Gall.
842 2877 929 2909 Tom.
954 2876 1046 2907 VIII.
1072 2876 1123 2907 95.
1148 2873 1270 2908 Lettr‘es
1284 2876 1394 2918 franc.
1417 2875 1464 2907 ed.
1488 2882 1633 2906 BONNET.
1657 2873 1683 2906 I.
1706 2872 1781 2906 420.

274 2937 349 2971 Ant.
371 2937 405 2968 in
429 2938 490 2968 art.
505 2935 578 2977 fac.
607 2935 711 2967 leeol.
730 2944 804 2976 par.
829 2932 918 2964 Tom.
943 2932 1036 2964 VIII.
1063 2930 1158 2963 1941).
