1879 3239
917 65 968 103 44

195 214 299 253 »qua
331 200 500 239 difficilis
533 207 725 238 tractatur
755 212 797 237 ae
827 198 960 249 magni
990 200 1180 237 momenti
1212 199 1251 237 in
1282 198 1453 239 Ecclesia
1480 199 1571 253 25);”
1601 213 1632 239 e.
1650 214 1685 252 g.

193 271 234 309 in
274 270 469 308 electione
509 269 704 312 ministri,
743 280 863 318 quum
905 265 1090 318 Synodus
1125 276 1385 313 convocatur,
1425 277 1491 308 aut
1536 288 1550 304 >1
1565 283 1686 322 quum

195 345 415 391 »apparent
446 338 589 376 iudicia
620 338 701 375 irae
731 336 887 374 Domini
912 336 1003 389 ²⁶),”
1037 338 1085 376 ad
1116 337 1293 376 fidelium
1323 351 1450 377 coram
1485 338 1563 377 Deo
1598 352 1687 378 con-

195 407 400 446 tritionem
425 417 666 457 magnopere
692 404 916 442 conducere
947 412 1102 448 censet,
1142 406 1199 443 »si
1230 395 1384 456 publica
1415 407 1688 446 indicerentur
1731 430 1736 434 ·

513 474 623 512 Tunc
650 473 776 524 igitur
805 472 854 510 ad
885 473 1080 511 solemnes
1110 486 1245 524 preces
1289 475 1538 525 »impransus
1569 489 1686 519 unus-

195 476 343 514 ieiunia
374 474 455 527 ²⁷).'’

196 545 392 596 »quisque
423 543 601 585 accedat,
630 548 670 580 et
701 541 934 592 ceteroquin
964 542 1128 592 plebeiis
1159 543 1441 594 vilioribusque
1471 544 1567 583 cibis
1598 557 1687 583 con·

196 614 327 653 »tenti
358 614 479 651 simus
509 618 549 649 et
579 610 734 662 parcius
765 623 808 648 ac
839 610 964 648 levius
995 612 1111 649 solito
1147 625 1351 651 vescamur
1375 613 1458 665 28).”
1514 614 1561 651 ln
1590 614 1688 653 ieiu-

195 684 272 722 niis
302 688 452 724 autem,
492 686 536 717 ut
575 679 732 717 in-istis
763 679 946 717 omnibus
976 679 1115 724 rebus,
1156 694 1254 732 quae
1291 681 1339 720 ad
1369 688 1579 721 externum
1609 684 1688 722 cul-

197 759 280 790 tum
319 750 542 802 pertinent,
582 748 704 799 probe
745 748 964 786 cavendum
1003 755 1084 792 est,
1130 762 1207 788 »ne
1243 751 1516 802 superstitiose
1547 764 1592 790 ea
1623 752 1688 791 ob-

196 838 212 855 »
226 831 429 860 servemus
442 818 474 862 ,’'
499 818 624 870 magis
649 817 769 856 etiam
800 830 878 856 »ne
899 818 1095 856 morosius
1120 831 1163 856 ac
1189 820 1356 870 rigidius
1381 820 1592 871 exigantur
1607 822 1688 874 29).”

249 889 303 928 De
327 888 492 939 reliquis
513 887 773 926 caeremoniis
795 886 895 925 nihil
925 904 940 921 »
955 887 1081 926 voluit
1101 888 1303 939 sigillatim
1321 889 1588 939 praescribere
1605 890 1689 942 ³⁰),”

195 959 264 998 sed
284 959 454 997 liberum
482 958 522 996 in
549 957 596 996 iis
621 956 890 995 constituendi
917 957 977 995 ius
994 957 1160 1008 singulis
1178 956 1360 995 Ecclesiis
1376 959 1607 1008 permittere
1625 959 1690 1011 31),

195 1035 241 1067 ut
293 1040 393 1080 »pro
433 1039 543 1065 more
587 1025 760 1077 regionis
792 1025 881 1078 ³²)‚”
921 1026 1018 1064 tales
1061 1027 1162 1064 ritus
1206 1027 1437 1071 instituant,
1481 1028 1548 1078 qui
1593 1040 1692 1080 »per

197 1097 463 1149 »gravitatem
490 1095 619 1134 ordini
645 1107 688 1133 ac
714 1095 858 1133 decoro
884 1095 1107 1137 inserviunt
1134 1095 1221 1147 ³³)‚''
1243 1096 1358 1134 simul
1376 1109 1532 1148 quoque
1550 1097 1692 1148 »pauci

197 1167 306 1205 »sint
347 1179 390 1204 ac
428 1166 563 1204 faciles
603 1171 643 1202 et
683 1164 864 1202 claritate
904 1164 1104 1215 conspicui
1141 1164 1231 1216 34),”
1277 1177 1354 1203 »nc
1396 1178 1464 1204 sua
1507 1166 1692 1205 libertate

197 1235 448 1288 »spolientur
478 1233 616 1272 fideles
643 1232 724 1285 35).”
781 1250 796 1267 »
813 1232 920 1281 Quae
951 1240 1084 1271 autem
1111 1232 1391 1274 Caeremoniae
1417 1236 1464 1273 ad
1490 1235 1597 1274 hurfc
1626 1236 1692 1274 Ca-

198 1302 374 1342 »n'onem
405 1301 526 1340 semel
556 1301 766 1338 institutae
797 1307 909 1344 sunt,
941 1313 961 1338 a
991 1301 1135 1352 populo
1165 1302 1248 1339 sinc
1280 1303 1358 1340 ulla
1389 1305 1693 1354 superstitione,

197 1373 331 1412 »sacili
362 1371 411 1411 ad
442 1369 743 1422 obsequendum
774 1370 1034 1421 propensione
1065 1371 1282 1410 servandae
1313 1379 1406 1410 sunt
1431 1373 1518 1425 ³⁶).''

545 1508 571 1561 §
601 1508 636 1547 3.
697 1507 1028 1546 Sacramentorzmt
1057 1508 1346 1548 administratio.

250 1648 305 1687 De
337 1648 430 1700 ipsis
459 1647 717 1686 sacramentis
748 1647 940 1698 primum,
976 1652 1071 1685 tunc
1102 1647 1150 1686 de
1181 1659 1317 1686 eorum
1351 1647 1694 1687 administratione

195 1718 345 1758 Calvini
376 1717 615 1756 sententiam
646 1716 902 1755 sciscitemur.

329 1855 372 1895 A.
418 1855 689 1895 sicanifflm.

248 1942 282 1967 a.
325 1928 378 1966 de
408 1923 745 1965 sacramentis
774 1923 824 1961 in
852 1936 1039 1974 [seuere.
1094 1925 1149 1962 ¹1⁰.
1188 1924 1286 1962 ande
1324 1922 1371 1962 sit
1405 1936 1531 1962 corum
1559 1925 1694 1963 notitia

195 1997 442 2037 haurienda?
501 1993 848 2032 Sacramentorum
878 1993 1020 2031 notitia
1050 2005 1071 2031 e
1102 1993 1183 2031 sola
1214 2006 1241 2031 s.
1270 1993 1401 2044 script.
1431 1993 1512 2044 peti
1542 2000 1692 2046 potest,

192 2080 284 2106 nam
330 2066 442 2104 »sine
485 2063 605 2103 verbo
646 2062 715 2100 Dei
757 2061 1011 2101 Sacramenta
1051 2063 1171 2101 ctiam
1212 2063 1293 2114 ipsa
1334 2070 1577 2102 sacramenta
1612 2076 1691 2102 non

194 2142 316 2176 »sunt
340 2135 365 2188 ¹)
378 2135 410 2179 ,'’
441 2141 639 2187 quatenus
684 2133 819 2171 »solus
848 2131 950 2170 Deus
977 2138 1054 2177 est,
1081 2133 1148 2183 qui
1174 2132 1222 2170 dc
1249 2144 1289 2170 se
1311 2132 1424 2171 nobis
1440 2145 1510 2184 per
1528 2133 1690 2172 verbum

231 2355 272 2396 ἱ’5)
296 2354 376 2385 Inst.
401 2352 456 2384 IV.
482 2351 534 2383 12.
561 2351 611 2383 14.
747 2351 786 2391 26)
811 2350 858 2384 Ib.
883 2351 921 2384 cf.
946 2350 1001 2382 IV.
1026 2350 1076 2383 12.
1104 2350 1153 2384 17.

230 2410 270 2451 27)
297 2411 378 2441 Inst.
403 2407 458 2440 IV.
484 2407 535 2439 12.
562 2406 614 2439 16.
638 2406 676 2438 cf.
701 2405 756 2439 VI.
783 2406 834 2439 12.
861 2407 918 2445 14,
947 2406 997 2441 17.
1133 2404 1172 2445 28)
1197 2405 1275 2436 [nst.
1301 2405 1354 2437 IV.
1382 2406 1431 2436 12.
1459 2406 1509 2436 18.

161 2472 163 2474 ’
230 2466 270 2506 2⁹)
295 2465 375 2497 Inst.
400 2464 454 2496 IV.
481 2463 533 2495 12.
559 2462 610 2494 19.
637 2461 674 2494 cf.
700 2462 754 2493 IV.
781 2462 831 2495 12.
857 2462 909 2493 20.
1041 2461 1082 2501 30)
1106 2461 1186 2492 Just.
1211 2460 1265 2492 IV.
1291 2460 1341 2493 10.
1367 2461 1419 2491 30.
1661 2488 1663 2491 .

229 2521 271 2561 31)
297 2521 389 2562 Resp.
415 2518 458 2550 ad
483 2518 593 2560 versili.
616 2517 728 2560 quend.
752 2517 839 2548 Tom.
864 2517 955 2548 VIII.
981 2515 1071 2549 30811.
1095 2517 1132 2549 cf.
1160 2517 1270 2548 Comm.
1295 2516 1340 2547 ad
1362 2516 1377 2546 1
1407 2516 1459 2548 Co.
1482 2515 1538 2548 XI.
1564 2516 1594 2549 2.

229 2577 270 2616 32)
295 2575 375 2606 Inst.
400 2573 455 2605 IV.
480 2573 532 2604 10.
558 2572 610 2604 31.
744 2571 784 2613 33)
811 2572 890 2605 Just.
915 2571 970 2604 IV.
995 2573 1046 2606 10.
1071 2572 1122 2603 28.
1257 2571 1297 2611 34)
1323 2572 1403 2602 Iasi.
1427 2570 1482 2604 IV.
1508 2571 1558 2603 10.
1585 2572 1634 2603 14.

228 2631 269 2672 ³5)
299 2630 410 2662 Comm.
434 2628 478 2660 ad
504 2629 574 2660 Gal.
598 2628 643 2660 II.
669 2629 720 2660 14.

228 2686 270 2726 3ὅ)
294 2685 374 2716 Inst.
399 2683 454 2714 IV.
483 2683 534 2716 10.
565 2684 616 2717 31.
641 2686 672 2716 et
696 2683 750 2717 IV.
776 2684 828 2716 10.
854 2684 903 2717 22.
929 2684 965 2716 cf.
997 2685 1079 2716 Vera
1101 2684 1185 2715 Eccl.
1209 2683 1268 2724 ref.
1292 2686 1353 2716 rat.
1377 2683 1463 2716 Tom.
1480 2683 1573 2715 VIII.
1596 2683 1684 2718 278³.

194 2741 284 2783 Conf.
308 2740 394 2771 Holl.
418 2739 505 2771 Tom.
531 2737 622 2771 VIII.
646 2738 739 2772 4891).
764 2741 855 2782 Resp.
879 2740 923 2772 ad
945 2740 1055 2782 versis).
1086 2738 1196 2781 quend.
1226 2739 1312 2772 Tom.
1336 2738 1429 2771 VIII.
1455 2736 1547 2771 308¹).
1574 2740 1683 2771 Comm.
1732 2742 1736 2746 '

182 2795 236 2839 sad
263 2795 347 2828 Phil.
378 2793 440 2825 III.
476 2794 504 2826 6.
538 2793 575 2826 cf.
606 2803 780 2827 SCHENKEL
808 2806 835 2827 0.
852 2794 872 2826 1.
898 2794 960 2826 III.
984 2795 1047 2829 476
1073 2796 1103 2825 et
1128 2794 1189 2825 500
1215 2804 1277 2836 sqq.
1325 2794 1372 2825 Dc
1398 2794 1477 2826 votis
1504 2793 1591 2825 Calv.
1615 2802 1681 2824 sen—

190 2850 319 2883 tentiam
334 2849 430 2881 habes
444 2849 477 2880 in
493 2851 573 2882 [nst.
591 2850 645 2883 IV.
664 2851 715 2884 12.
734 2850 851 2884 1-28,
876 2851 906 2882 ct
923 2851 991 2884 Art.
1008 2850 1079 2883 adv.
1094 2850 1167 2892 fac.
1189 2847 1242 2881 Tli.
1259 2850 1363 2883 Paris.
1381 2849 1466 2881 Tom.
1484 2849 1577 2882 VIII.
1595 2849 1683 2881 202³.

242 2906 268 2948 ι)
293 2906 374 2938 lust.
397 2904 452 2939 IV.
479 2905 529 2939 18.
555 2905 606 2938 20.
