1879 3239
940 68 990 105 ‘16

213 203 586 255 »participationem
622 201 751 239 vocati
767 199 832 252 ⁷).''
885 199 953 237 Est
984 198 1081 237 haee
1111 198 1285 238 Ecclesia
1315 199 1537 245 invisibilis,
1576 207 1712 252 quate-

210 285 284 311 nus
341 270 560 322 „reprobos
600 270 648 308 ab
687 270 815 307 electo
855 268 1082 307 discernere
1119 269 1240 307 solius
1281 268 1351 307 Dei
1387 277 1467 314 est,
1507 282 1585 308 non
1625 283 1712 309 nos-

211 347 346 378 »trum
365 338 438 391 ³)‚''
485 344 525 376 et
606 337 706 374 »soli
749 335 829 374 Deo
880 337 1147 386 permittenda
1191 344 1250 375 est
1294 338 1469 389 cognitio
1512 337 1712 378 Ecclesiae

210 422 333 447 »suae
351 407 421 461 ⁹)‚”
451 412 636 458 proptera
668 405 774 455 quod
831 404 1072 456 »singularis
1104 405 1173 444 Dei
1199 394 1325 458 Ipsius
1351 408 1627 459 praerogativa
1652 415 1712 447 est
1752 432 1756 436 ·

209 491 346 522 nosse,
386 477 453 528 qui
493 475 553 514 sui
593 475 671 512 sint
690 472 766 525 ¹⁰)''
823 472 982 512 Fideles
1021 481 1060 513 et
1100 475 1302 526 reprobati
1333 476 1388 513 ita
1418 476 1525 515 inter
1554 489 1595 515 se
1626 489 1712 528 per-

208 548 323 586 mixti
359 552 469 589 sunt,
505 551 548 582 ut
585 555 680 580 suae
711 543 882 593 quisque
912 544 1035 594 ipsius
1065 545 1272 583 electionis
1302 558 1419 584 nemo
1449 547 1596 584 certior
1625 546 1712 585 fieri

207 616 350 668 possit,
382 615 457 652 nisi
515 611 736 650 »interiore
763 612 971 651 vocatione
989 613 1068 664 ¹¹)’'
1100 626 1168 652 eor
1196 615 1281 652 eius
1310 615 1458 653 excitet
1489 614 1612 660 Deus,
1651 622 1711 660 et,

208 685 338 737 quoad
368 683 548 721 habitum
579 688 812 725 externum,
869 682 1058 720 »nullum
1090 696 1205 735 saepe
1237 684 1450 722 discrimen
1481 684 1587 723 inter
1608 683 1711 722 filios

208 754 306 792 »Dei
336 760 377 791 et
407 750 611 803 profanos,
651 750 757 788 inter
797 752 1001 801 proprium
1033 752 1118 789 eius
1148 765 1310 804 gregem
1342 761 1382 792 et
1413 753 1494 792 sera
1526 746 1710 792 animalia

207 822 365 860 »notari
404 821 527 872 possit
546 820 601 872 ¹²).
673 818 761 857 Non
801 825 862 857 est
903 826 1058 865 tamen,
1105 821 1213 871 quod
1248 822 1395 861 ideireo
1435 823 1599 862 tristitia
1639 835 1710 862 nos

205 890 305 930 affici
336 897 585 942 pateremur;
616 901 747 927 coram
780 888 861 927 Deo
893 890 998 928 enim
1029 902 1107 927 non
1167 891 1283 929 »ideo
1313 892 1491 930 deterior
1521 899 1581 930 est
1612 891 1710 931 fides

205 966 389 1004 »nostra,
430 959 535 1010 quod
575 958 819 1009 incognitam
861 958 1144 1009 apprehendit:
1184 960 1343 1010 quando
1378 960 1442 998 hic
1482 973 1559 998 non
1601 961 1709 999 iube-

204 1041 323 1066 »mur
352 1028 541 1079 reprobos
571 1026 620 1064 ab
647 1026 784 1064 electis
809 1026 1057 1070 discernere,
1095 1027 1164 1065 sed
1201 1034 1310 1066 certo
1350 1035 1526 1068 statuere
1557 1030 1597 1068 in
1628 1030 1710 1068 ani-

203 1115 218 1131 n
233 1098 307 1136 mis
337 1097 502 1141 nostris,
542 1107 679 1134 omnes
709 1107 797 1138 eos,
837 1096 904 1146 qui
940 1096 1005 1134 Dei
1032 1095 1164 1134 Patris
1186 1098 1405 1138 clementia
1436 1111 1507 1149 per
1537 1098 1710 1150 Spiritus

203 1168 305 1206 »scti
346 1166 580 1209 efficaciam,
627 1165 666 1202 in
708 1163 869 1202 Christi'
902 1165 1247 1217 participationem
1288 1174 1508 1211 venerunt,
1558 1168 1598 1207 in
1639 1167 1709 1206 Dei

205 1236 429 1288 »peculium
460 1247 503 1272 ae
533 1233 734 1285 propriam
765 1234 1053 1284 possessionem
1085 1243 1336 1286 segregatos,
1367 1249 1412 1274 ae
1439 1237 1710 1287 quum'simus

204 1305 274 1344 »in
327 1317 476 1343 eorumv
517 1314 702 1346 numero,
757 1308 892 1340 tantae
945 1304 1096 1354 gratiae
1142 1316 1213 1341 nos
1258 1316 1342 1342 esse
1394 1312 1598 1343 consortes
1629 1305 1710 1357 13).”

203 1373 290 1414 Non
319 1372 437 1412 floret
466 1371 565 1410 haec
595 1369 771 1408 Ecclesia
802 1371 957 1421 ingenti
987 1372 1257 1410 membrorum
1293 1373 1420 1424 eopia,
1480 1390 1495 1407 η
1509 1386 1598 1411 nam
1629 1374 1710 1411 exi-

203 1456 331 1494 »guus
375 1453 566 1481 numerus
603 1447 643 1478 et
679 1440 991 1491 contemptibilis
1030 1441 1129 1479 latet
1172 1442 1245 1480 sub
1288 1443 1443 1494 ingenti
1490 1442 1627 1485 turba,
1671 1448 1712 1480 et

205 1525 357 1564 »grana
386 1511 507 1550 tritici
534 1522 657 1561 pauca
685 1515 878 1560 teguntur
904 1509 1039 1560 paleae
1065 1511 1252 1561 congerie
1280 1510 1361 1562 ¹4).''
1390 1510 1565 1561 Denique
1591 1510 1711 1548 huius

205 1581 433 1620 »Ecclesiae
464 1580 769 1619 fundamentum
802 1591 887 1617 esse
928 1591 1110 1617 arcanam
1146 1580 1252 1617 illam
1288 1579 1525 1617 electionem
1558 1580 1629 1631 ¹⁵)”
1671 1586 1712 1616 et

205 1664 268 1689 res
307 1651 389 1702 ipsa
428 1650 592 1693 clamat,
632 1654 672 1686 et
709 1648 750 1685 in
784 1647 893 1692 loeo,
933 1661 1050 1699 quem
1085 1648 1316 1693 citavimus,
1355 1648 1505 1687 diserte
1542 1654 1713 1686 testatur

205 1721 400 1760 Calvinus.

260 1790 291 1828 b.
335 1788 509 1827 Ecclesia
549 1786 714 1826 visibilis
753 1786 943 1824 invisibili
980 1787 1061 1843 illi,
1101 1787 1150 1825 de
1189 1800 1266 1837 qua
1305 1786 1499 1831 diximus,
1535 1786 1659 1825 veluti
1690 1798 1711 1824 e

204 1861 329 1898 latere
375 1857 551 1909 apposita
598 1863 678 1899 est,
732 1868 829 1906 quas
882 1868 932 1893 ne
977 1856 1035 1894 uti
1088 1856 1196 1894 inter
1243 1868 1284 1893 56
1328 1855 1547 1893 confundas
1591 1861 1710 1905 atque

206 1928 443 1981 permisceas
488 1925 589 1963 bene
633 1924 852 1962 cavendum
894 1931 964 1962 est.
1037 1923 1197 1962 Etenim
1236 1937 1256 1962 a
1295 1925 1457 1962 coelesti
1497 1925 1563 1962 illa
1593 1923 1712 1962 simul

206 2005 326 2049 atque
371 1995 553 2034 terrestri
607 1994 939 2045 congregatione,
996 2007 1114 2045 quam
1157 2007 1288 2045 neque
1333 1994 1522 2045 temporis
1566 1993 1711 2044 premit

207 2066 410 2110 definitio,
449 2077 581 2115 neque
621 2063 769 2101 finibus
818 2063 987 2101 includit
1031 2063 1209 2101 locorum
1248 2064 1449 2107 extensio,
1496 2063 1615 2114 longe
1654 2062 1710 2100 di-

208 2150 320 2176 versa
360 2143 420 2175 est
459 2136 533 2174 alia
573 2135 639 2173 illa
679 2134 868 2178 societas,
923 2146 1052 2184 »quae
1085 2141 1269 2186 respectu
1297 2133 1505 2172 hominum
1535 2131 1710 2171 Ecclesia

208 2207 385 2245 »dicitur
411 2204 493 2258 ¹⁶)'’,
530 2217 630 2256 quae
661 2216 741 2241 non
767 2209 901 2241 mente
929 2209 1085 2241 tantum
1112 2204 1310 2247 cernitur,
1342 2203 1410 2241 sed
1437 2202 1560 2240 oculis
1590 2201 1711 2239 etiam

207 2275 443 2314 mortalibus
468 2273 789 2325 conspiciendam
815 2285 899 2311 sese
925 2272 1110 2324 praebet,
1141 2280 1337 2323 quatenus
1362 2270 1620 2322 congregatio
1650 2275 1710 2307 est

208 2358 368 2389 eorum,
399 2344 466 2395 qui
516 2355 666 2380 »unum
698 2354 738 2380 se
770 2340 896 2379 Deum
926 2349 966 2379 et
997 2341 1197 2380 Christum
1229 2342 1358 2379 colere
1385 2340 1612 2391 profitemur
1643 2337 1710 2391 ¹⁷)’'

209 2422 249 2454 et
279 2427 379 2465 quae
410 2412 587 2452 externis
622 2411 834 2463 signaculis
874 2411 957 2449 sive
988 2411 1150 2449 tesseris
1181 2410 1291 2449 verbi
1323 2423 1373 2448 se.
1412 2408 1635 2447 ministerio
1670 2414 1711 2445 et

209 2489 548 2522 sacramentorum
579 2480 943 2524 administratione,
974 2480 1088 2518 facilc
1115 2486 1154 2517 et
1180 2486 1289 2517 certo
1315 2479 1418 2516 simii
1444 2478 1710 2530 cognoscitur.

210 2551 341 2597 Quum
371 2558 504 2590 autem
535 2550 662 2589 omnis
692 2561 862 2600 sequens
892 2549 1120 2600 disquisitio
1159 2555 1294 2587 nostra
1334 2549 1450 2587 unice
1486 2548 1534 2586 de
1565 2547 1710 2585 visibili

263 2728 288 2769 7)
313 2730 394 2760 Inszf.
417 2730 473 2761 IV.
498 2730 526 2761 1.
552 2730 581 2761 2.
715 2729 741 2770 Β)
766 2730 846 2761 Inst.
872 2729 927 2759 IV.
952 2730 981 2760 1.
1008 2730 1037 2761 3.
1172 2730 1196 2769 ⁹)
1222 2730 1301 2762 Insl.
1327 2729 1382 2762 IV.
1409 2730 1438 2761 1.
1464 2730 1494 2761 2.
1734 2744 1738 2748 -

250 2784 290 2825 10)
314 2786 395 2816 Inst.
419 2784 474 2817 IV.
500 2786 529 2816 l.
556 2785 584 2815 8.
691 2784 730 2824 ¹¹)
755 2784 801 2817 Ib.
908 2784 947 2824 12)
974 2784 1022 2815 Ib.
1128 2784 1168 2825 ¹³)
1192 2786 1272 2818 Just.
1297 2786 1352 2817 IV.
1378 2786 1407 2818 1.
1433 2786 1463 2818 3.
1487 2785 1525 2817 ef.
1550 2783 1604 2816 IV.
1630 2783 1658 2814 l.
1684 2783 1714 2816 7.

250 2840 291 2880 14)
315 2840 395 2870 Inst.
419 2839 475 2870 IV.
500 2840 529 2870 1.
555 2839 584 2869 2.
720 2838 759 2878 15)
785 2839 864 2869 [nst.
889 2838 945 2870 IV.
972 2839 1000 2871 l.
1026 2839 1057 2872 3.

251 2894 291 2935 16)
315 2894 395 2925 Just.
420 2893 474 2924 IV.
502 2894 530 2924 1.
556 2893 586 2926 ’7.
722 2891 762 2933 17)
786 2893 867 2925 Ιφεπ.
892 2892 947 2926 IV.
974 2894 1002 2926 1.
1029 2892 1059 2933 72
