1879 3239
920 67 945 104 4

178 201 471 241 reformandam
510 212 596 239 esse
635 200 778 238 elamat
835 211 914 237 »ex
943 210 1054 237 mero
1084 196 1209 249 Ipsius
1239 197 1382 242 verbo,
1422 200 1527 250 quod
1556 213 1680 239 unum

180 278 273 310 »est
313 283 384 322 pro
423 270 583 321 regula,
623 268 672 307 ad
711 280 829 319 quam
865 274 905 305 et
944 267 1190 305 instituenda
1230 267 1295 304 illa
1335 267 1386 305 sit
1425 275 1466 307 et
1503 270 1681 321 legitime

181 340 364 379 »tuenda
383 337 460 391 ²);''
518 344 667 389 »atque
705 336 803 374 adeo
842 335 882 373 in
919 348 1065 387 genere
1096 336 1275 387 repudz‘t,
1313 337 1502 388 quicquid
1532 338 1681 389 absque

182 410 458 450 »authoritate
501 409 612 447 verbi
652 407 721 445 Dei
761 407 1035 445 introductum
1076 408 1125 445 sit
1143 406 1206 459 ³).''
1262 396 1436 445 Verbum
1473 407 1542 446 Dei
1573 420 1681 445 saera

180 480 410 518 continetur
439 478 654 529 scriptura,
685 477 708 514 i.
739 488 771 514 e.
803 477 930 514 veteri
958 476 1120 514 foedere
1151 483 1269 527 atque
1295 488 1418 520 novo,
1449 490 1549 528 quae
1575 477 1708 522 inter*

179 548 333 586 nullum
364 548 446 585 sere
477 546 690 585 discrimen
721 545 882 589 statuit,
941 552 1102 583 »manet
1132 546 1237 583 enim
1263 558 1333 596 per
1358 544 1557 584 Christum
1583 546 1682 584 invi-

181 617 366 655 »olabilis
405 616 504 667 legis
544 614 725 653 doctrina
742 614 817 666 4),'’
875 621 1038 652 »manet
1072 626 1228 666 semper
1257 615 1534 654 inconcussum
1564 615 1681 653 illud:

179 698 259 724 »ex
287 685 387 736 legis
417 683 663 722 authoritate
694 682 794 721 nihil
824 683 1060 728 decessisse,
1091 685 1186 734 quin
1217 684 1356 722 eadem
1387 697 1542 736 semper
1566 697 1682 724 vene-

180 754 366 791 »ratione
404 752 711 804 obedientiaque
752 752 875 803 ipsam
917 765 937 789 a
968 752 1083 790 nobis
1113 753 1258 804 suscipi
1288 754 1499 792 conveniat
1517 746 1607 807 5).”ν
1638 753 1683 792 In

179 823 264 874 ipso
295 821 337 860 N.
367 820 406 859 Τ.
434 822 702 873 apostolorum
729 821 873 872 agendi
899 821 1002 859 ratio
1027 827 1067 859 et
1093 822 1315 860 sententiae
1341 810 1516 873 prolatae
1542 823 1682 861 eodem

178 891 294 942 plane
324 891 411 929 loco
442 891 711 929 aestimandae
743 896 835 928 sunt
866 897 984 941 atque
1015 889 1109 928 Jesu
1139 890 1261 941 ipsius
1291 890 1429 936 effata,
1460 892 1500 929 in
1531 899 1683 943 aposto-

178 960 226 998 lis
266 960 347 998 scil.
390 967 605 999 veneratur
672 958 873 1010 »Spiritus
919 958 999 997 Scti
1041 972 1188 1010 organa
1206 959 1267 1012 ⁶)’⁷
1310 966 1350 998 et
1408 960 1685 999 »authenticos

179 1045 193 1061 n
208 1028 549 1082 amanuenses⁷),”
572 1041 741 1080 quorum
759 1028 858 1067 adeo
874 1029 978 1067 dieta
1015 1041 1105 1080 »pro
1124 1030 1292 1067 oraculis
1308 1029 1491 1068 habenda
1513 1029 1684 1083 sunt³)‚”

179 1094 359 1148 quorum'
408 1098 668 1136 »testimonio
713 1104 791 1136 stat
834 1105 874 1136 et
920 1097 1325 1151 cadit.Ecc]esia⁹).''
1383 1097 1422 1137 Si
1463 1111 1483 1137 e
1524 1098 1686 1137 Calvino

169 1168 355 1219 quaeris,
387 1180 558 1219 quanam
589 1166 733 1205 fiducia
776 1174 926 1205 tantam
962 1180 1094 1205 sacrae
1130 1168 1350 1218 scripturae
1376 1167 1526 1205 tribuat
1552 1175 1685 1208 aucto-

178 1237 361 1280 ritatem,
401 1237 507 1275 illico
538 1243 578 1275 et
601 1237 716 1274 unice
743 1236 826 1274 sere
857 1243 1045 1287 provocat
1076 1236 1124 1274 ad
1181 1219 1483 1274 »testimonium
1515 1235 1686 1287 Spiritus

179 1323 194 1340 »
209 1305 342 1344 Sancti
361 1305 442 1358 10).”
499 1305 543 1343 In
578 1306 676 1343 loeis
707 1305 840 1343 dubiis
870 1313 910 1344 ct
941 1306 1142 1357 explicatu
1171 1304 1460 1343 difficilioribus
1491 1305 1686 1355 interpre-

177 1375 288 1413 tandi
320 1375 382 1413 ius
413 1375 569 1426 publice
601 1388 723 1426 penes
755 1373 938 1426 Synodos
964 1375 1140 1413 residere
1156 1374 1368 1426 censetss).
1412 1372 1687 1412 Oecumenieis

177 1445 355 1483 conciliis
374 1443 436 1496 12),
476 1451 520 1482 ut
564 1451 604 1482 et
634 1444 813 1495 patribus
843 1443 1212 1496 Ecclesiasticis13),
1242 1456 1321 1482 non
1345 1450 1424 1481 tam
1441 1444 1527 1481 leve
1546 1443 1687 1481 tribuit

176 1514 352 1566 pondus,
391 1513 510 1551 modo
551 1514 599 1552 ad
639 1526 666 1551 s.
707 1514 926 1565 scripturae
962 1526 1141 1551 normam
1181 1525 1317 1551 eorum
1353 1512 1576 1551 sententiae
1606 1513 1686 1550 exi-

176 1590 324 1635 gantur
341 1581 400 1634 14).
467 1581 626 1620 Rationi
666 1581 864 1620 humanae
906 1589 946 1620 et
986 1581 1260 1633 philosophiae
1300 1582 1455 1619 nullum
1494 1581 1686 1630 relinquit

174 1652 326 1696 locum,
358 1652 599 1703 simulatque
631 1664 764 1690 sacrae
796 1652 1014 1703 scripturae
1046 1651 1322 1703 exspatiantur
1352 1649 1519 1702 finesss).
1574 1648 1687 1687 Mira-

175 1722 294 1766 culis,
339 1733 439 1773 quae
480 1720 528 1759 ab
558 1721 645 1759 aliis
677 1721 876 1759 venditari
908 1720 1089 1759 solebant
1120 1720 1169 1758 ad
1199 1733 1310 1758 suam
1342 1719 1531 1758 tuendam
1562 1718 1686 1770 opini-

178 1803 315 1836 onem,
355 1789 475 1829 fidem
511 1802 673 1841 prorsus
709 1790 875 1842 abrogat
894 1790 950 1842 16).
1000 1790 1055 1847 ’In
1084 1790 1204 1829 rebus
1235 1790 1407 1841 denique
1439 1789 1615 1827 externis
1646 1793 1687 1826 et

233 1967 258 2007 2)
283 1966 342 2008 Ep.
367 1965 454 1997 Tom.
479 1964 554 1997 be.
579 1976 609 2007 p.
636 1966 725 1998 2422.

231 2022 256 2062 ³)
281 2021 351 2052 Fid.
376 2021 459 2062 conf.
476 2021 564 2053 Tom.
581 2020 676 2051 VIII.
700 2031 731 2062 p.
753 2020 823 2051 9111.
842 2020 879 2052 cf.
897 2019 963 2051 eius
988 2021 1088 2053 dedic.
1112 2021 1348 2062 Ep.Comment.
1372 2031 1419 2062 ep.
1444 2020 1489 2052 ad
1509 2019 1686 2058 Hebraeos,

176 2084 383 2108 SIGISMUNDO
408 2084 479 2107 POL.
505 2086 567 2117 ress.
594 2076 712 2107 dalam.
737 2075 824 2106 Tom.
849 2075 923 2107 VII.
949 2087 978 2117 p.
1005 2076 1167 2108 513-15.

231 2132 256 2171 4)
282 2132 362 2162 [πεί.
387 2130 432 2162 II.
459 2131 488 2162 8.
514 2131 565 2163 13.
701 2130 726 2170 5)
753 2130 833 2161 Im.
858 2130 902 2162 II.
929 2130 957 2162 8.
984 2131 1035 2162 13.
1171 2132 1196 2171 6)
1221 2132 1301 2163 Inst.
1325 2131 1382 2162 IV.
1407 2131 1437 2163 1.
1463 2131 1514 2162 14.

232 2185 259 2226 7)
283 2186 363 2216 Inst.
389 2185 444 2218 IV.
472 2185 501 2216 8.
527 2185 557 2217 9.
699 2184 725 2224 ⁸)
751 2183 883 2216 Ibidem.
1020 2185 1044 2225 ⁹)
1072 2185 1202 2217 Ibidem.

219 2241 259 2280 ¹0)
284 2241 364 2271 Just.
394 2240 419 2272 I.
446 2240 475 2273 7.
500 2242 539 2278 4,
568 2241 678 2272 Comm.
710 2240 756 2272 ad
783 2241 802 2271 2
830 2241 880 2272 Co.
905 2241 934 2272 1.
961 2241 1018 2279 21,
1043 2242 1120 2283 ΕρΙι.
1147 2242 1175 2274 1.
1202 2242 1260 2279 13,
1295 2242 1352 2280 14,
1385 2242 1402 2272 1
1429 2241 1475 2273 Io.
1500 2240 1545 2271 II.
1575 2239 1625 2273 27.
1654 2242 1685 2272 et

180 2297 197 2327 1
223 2296 270 2327 Io.
294 2294 332 2327 V.
357 2294 388 2332 7,
412 2295 492 2327 Inst.
518 2295 581 2327 III.
608 2296 636 2327 1.
664 2296 701 2332 1,
726 2295 790 2327 ΠΙ.
817 2296 845 2327 2.
873 2296 925 2327 35.
949 2298 981 2326 et
1006 2296 1065 2338 Op.
1090 2296 1176 2328 Tom.
1201 2296 1293 2328 VIII.
1319 2295 1389 2328 151).

217 2350 258 2390 11)
283 2350 357 2381 Ant.
381 2350 426 2381 ad
448 2352 508 2381 art.
530 2351 617 2382 Cone.
642 2350 727 2382 Trzssd.
753 2351 833 2383 Sess.
858 2349 912 2382 IV.
937 2351 1024 2384 Tom.
1039 2352 1132 2384 VIII.
1157 2364 1185 2394 p.
1212 2353 1301 2384 231³.
1327 2352 1365 2382 cs.
1389 2353 1469 2384 Just.
1492 2351 1548 2382 IV.
1572 2351 1601 2382 9.
1626 2350 1684 2388 13,

179 2405 217 2437 de
241 2408 371 2436 aeterna
394 2406 456 2437 Dei
472 2406 587 2447 praed.
613 2406 700 2437 Tom.
718 2406 809 2438 VIII.
832 2403 928 2444 6001),
957 2409 1068 2439 Comm.
1093 2409 1138 2439 ad
1161 2409 1178 2439 1
1197 2409 1242 2440 Io.
1265 2407 1321 2439 IV.
1346 2408 1374 2439 1.
1407 2406 1511 2438 Aliter
1538 2406 1684 2448 quodam-

178 2460 270 2491 modo
293 2460 416 2491 censuit
441 2460 476 2491 in
502 2461 608 2496 „Vera
632 2462 718 2492 Ecel.
742 2462 870 2504 reform.
895 2462 979 2494 rat.''
1005 2463 1091 2495 Tom.
1116 2463 1208 2494 VIII.
1234 2463 1323 2494 280³.

218 2515 259 2554 12)
289 2515 376 2556 Conf.
393 2515 455 2557 fid.
480 2526 560 2547 nom.
587 2517 675 2548 Eccl.
704 2517 815 2549 Gallie.
841 2517 927 2550 Tom.
952 2517 1046 2550 VIII.
1072 2516 1141 2550 921).
1169 2519 1249 2550 Just.
1274 2517 1329 2549 IV.
1355 2518 1386 2548 9.
1412 2517 1463 2550 17.

218 2570 258 2610 ¹³)
283 2570 364 2602 Inst.
395 2570 451 2602 IV.
482 2571 532 2603 12.
567 2570 620 2605 27.
648 2573 706 2614 Ep.
738 2573 783 2604 ad
809 2581 884 2605 BUc.
918 2575 1046 2614 (HENRY
1076 2574 1102 2604 I.
1133 2573 1214 2606 Beil.
1248 2573 1276 2606 6.
1301 2574 1329 2605 S.
1357 2573 1426 2613 41.)
1457 2573 1549 2614 Res-p.
1579 2574 1688 2604 eontra

181 2633 273 2657 PIGH.
298 2624 386 2656 Tom.
411 2625 504 2657 VIII.
529 2637 559 2668 p.
586 2627 677 2659 132³.

221 2680 261 2720 l4)
286 2681 366 2712 Inst.
391 2679 446 2712 IV.
473 2681 502 2711 9.
528 2682 565 2719 9,
591 2681 650 2720 12,
674 2682 749 2713 Ant.
774 2683 807 2713 in
831 2685 892 2713 art.
921 2683 1009 2714 Cone.
1038 2683 1121 2715 Trid.
1143 2684 1223 2714 Sess.
1246 2683 1309 2715 III.
1327 2683 1414 2714 Tom.
1431 2682 1523 2714 VIII.
1547 2692 1578 2723 p.
1596 2680 1684 2712 2302.

221 2734 261 2774 1⁵)
291 2735 403 2766 Comm.
434 2736 468 2766 in
498 2736 594 2768 Hebr.
634 2737 662 2768 1.
694 2737 723 2768 1.
758 2737 839 2777 Ιζιεί.
876 2737 931 2769 IV.
964 2738 1015 2769 16.
1052 2738 1108 2775 17,
1139 2737 1190 2769 lV.
1223 2738 1274 2769 10.
1305 2738 1363 2776 24,
1397 2736 1485 2778 Conf.
1514 2735 1577 2778 fid.
1607 2745 1686 2766 nom.

180 2789 262 2821 Eccl.
291 2790 374 2821 Gall.
399 2790 486 2821 Tom.
511 2790 604 2821 VIII.
631 2789 700 2823 921).

218 2844 257 2885 ¹⁶)
282 2844 356 2876 Ant.
374 2845 419 2877 ad
433 2848 494 2878 art.
508 2845 581 2887 fac.
603 2848 696 2878 theol.
716 2847 793 2879 Par.
814 2847 870 2879 XI.
890 2848 976 2880 Tom.
990 2848 1082 2880 VIII.
1103 2859 1134 2890 p.
1149 2847 1240 2882 1951).
1261 2849 1317 2890 Ep.
1338 2847 1383 2880 ad
1401 2855 1492 2880 PIGN.
1513 2847 1640 2887 (HENRY
1659 2842 1686 2875 I.

178 2898 263 2932 Beil.
287 2899 339 2932 12.
364 2899 395 2931 S.
421 2900 486 2939 59.)
511 2900 624 2942 Praef.
649 2901 731 2934 [πεί.
755 2902 800 2934 ad
821 2911 940 2935 FRANo.
966 2903 992 2935 Ι.
1018 2913 1048 2944 p.
1073 2903 1127 2935 IV.
