1879 3239
844 80 980 87 ---.-.

241 213 352 246 Ouum
375 211 422 246 II.
468 210 595 244 Calvini
629 211 667 244 de
695 211 837 244 Ecclesia
872 210 1046 251 sententia,
1081 209 1206 254 qualem
1239 209 1345 252 prodit
1380 220 1412 242 se
1447 209 1481 243 in

284 257 385 299 ipsius
415 256 450 289 in
479 256 621 289 Ecclesia
651 256 766 289 Genev.
791 257 903 298 agendi
927 256 1049 288 ratione
1074 278 1480 289 .............
1527 255 1668 290 86-97.

288 312 357 351 §4.
392 310 439 343 De
473 310 630 342 Ecclesiae
665 311 804 343 notione.
852 311 921 350 §.⁴2.
957 310 1005 342 De
1037 310 1090 341 via
1121 320 1156 341 ac
1190 308 1329 347 ratione,
1369 308 1483 350 quibus

286 355 429 387 Ecclesia
456 357 610 398 operatur.
657 356 672 394 §
697 354 727 386 3.
761 355 809 386 De
831 354 991 386 Ecclesiae
1013 354 1178 396 regimine.
1225 355 1239 393 §
1263 354 1294 410 4.
1320 332 1482 385 Ecclesiae

288 400 399 432 relatio
422 400 461 431 ad
484 410 551 431 rem
574 399 748 442 politicam.
772 417 816 422 --
840 399 1019 432 Conclusio.

245 454 408 487 Conclusio
433 454 537 486 Partis
560 454 577 485 Ι
580 475 1483 488 ............................
1509 453 1561 485 98.

157 517 295 548 PARS
320 517 373 547 ΙΙ.
418 513 596 556 Exponitur
625 512 655 545 J.
679 511 698 543 a
721 512 818 544 Lasco
842 513 880 545 de
903 512 1044 545 Ecclesia
1068 512 1225 545 sententia
1244 536 1253 545 .
1285 536 1458 544 ......
1485 512 1671 547 101-174.
1707 534 1710 536 -

201 571 447 611 Praemonenda3
487 573 525 604 de
562 571 720 610 fontibus,
760 572 841 604 unde
875 570 1033 603 Ecclesiae
1071 571 1221 602 notitiam
1258 569 1465 601 hauriendam

247 617 395 648 statuerit
423 642 432 650 .
465 637 1464 649 ...............................
1488 614 1578 646 101..

248 671 360 702 CAPUT
383 670 409 703 Ι.
455 671 501 702 De
524 668 681 701 Ecclesiae
704 669 824 710 origine
848 672 941 712 atque
962 669 1098 701 historia
1127 692 1464 702 ...........
1489 669 1675 702 106-110.

293 727 307 765 §
333 727 361 757 1.
386 726 432 757 De
455 725 613 757 Ecclesiae
635 727 770 756 auctore.
812 725 868 763 §2.
893 726 923 756 A
939 736 999 766 quo
1019 725 1092 756 inde
1108 727 1248 766 tempore
1266 724 1353 756 Eccl.
1371 724 1466 756 exsti-

293 771 379 802 terit.
412 772 425 809 §
441 770 470 801 3.
495 769 633 801 Ubinam
653 769 695 800 sit
716 768 859 801 Ecclesia
878 769 1072 811 reperiunda.
1089 788 1133 792 —-
1145 769 1287 800 Historia
1298 769 1466 801 Ecclesiae.

251 824 362 856 CAPUT
384 825 430 856 II.
476 825 523 856 De
546 824 705 856 Ecclesiae
730 824 857 856 notione
888 849 896 856 .
927 847 1465 858 .................
1491 824 1676 858 llo—128.

296 881 310 919 §
336 880 365 911 1.
401 878 585 920 Quotuplici
620 889 713 910 sensu
740 879 825 912 Eccl.
854 890 920 911 voc.
951 878 989 910 ab
1017 890 1052 910 eo
1080 881 1260 921 usurpetur.
1307 881 1321 918 §
1346 880 1375 913 2.
1410 880 1468 912 Ec-

296 922 407 954 clesiae
446 923 653 956 definitiones.
709 925 724 963 §
758 924 787 955 3.
823 924 997 964 Imagines,
1037 923 1152 966 quibus
1191 923 1350 955 Ecclesiae
1383 924 1470 956 notio

295 967 486 999 illustratur.
536 970 550 1007 §
574 970 604 1001 4.
636 968 723 999 Num
742 967 924 1000 distinxerit
946 968 1028 1000 inter
1049 968 1222 999 Ecclesiam
1244 968 1402 999 visibilem
1425 970 1471 1000 at-

296 1022 355 1054 que
388 1012 602 1044 invisibilem?
651 1014 664 1052 §
691 1014 720 1044 5.
756 1013 881 1044 Relatio
916 1013 1085 1044 Ecclesiae
1107 1013 1146 1044 ad
1181 1013 1346 1053 „Regnum
1373 1013 1471 1044 coelo-

295 1055 398 1089 rum.”
447 1058 460 1096 §
486 1057 515 1088 6.
550 1056 597 1088 De
625 1056 784 1088 Ecclesiae
812 1057 928 1089 indole.
977 1059 990 1096 §
1016 1057 1045 1091 7.
1081 1057 1128 1088 De
1151 1057 1310 1088 Ecclesiae
1335 1057 1471 1089 vinculo.

296 1102 311 1140 §
337 1102 366 1134 8.
398 1101 515 1139 Tituli,
541 1101 653 1142 quibus
671 1101 813 1133 Ecclesia
833 1104 973 1133 ornatur.
1022 1103 1036 1140 §
1062 1102 1092 1133 9.
1123 1102 1240 1140 Notae,
1266 1102 1380 1143 quibus
1398 1111 1471 1133 vera

296 1145 437 1177 Ecclesia
456 1155 474 1176 a
491 1145 568 1176 falsa
588 1145 796 1187 dignoscatur.
829 1147 843 1185 §
868 1147 920 1178 10.
944 1146 992 1177 De
1010 1143 1169 1177 Ecclesiae
1189 1147 1259 1178 fine.
1285 1148 1298 1185 §
1325 1147 1376 1179 11.
1401 1146 1475 1178 Per-

297 1190 504 1221 fectissimum
527 1190 684 1222 Ecclesiae
708 1190 874 1232 exemplar.
898 1209 942 1214 ——
967 1190 1135 1222 Conclusio
1158 1190 1253 1221 huius
1276 1191 1398 1232 capitis.

255 1245 367 1277 CAPUT
389 1245 453 1276 ΠΙ.
500 1244 548 1276 De
580 1245 632 1276 via
657 1256 691 1276 ac
716 1245 855 1283 ratione,
886 1245 1001 1288 quibus
1026 1244 1167 1276 Ecclesia
1190 1248 1337 1286 operatur
1368 1271 1375 1278 .
1402 1270 1409 1277 .
1435 1271 1441 1277 .
1467 1269 1474 1277 .
1499 1243 1684 1279 1284147.

299 1299 540 1331 Praemonenda.
589 1301 603 1339 §
629 1301 658 1333 1.
693 1300 789 1331 Verbi
823 1300 1050 1332 ministerium.
1093 1312 1122 1333 a.
1147 1300 1285 1331 Verbum
1321 1300 1474 1333 divinum.

299 1345 326 1376 b.
350 1344 419 1375 eius
442 1344 664 1376 ministerium.
704 1346 718 1384 §
744 1345 772 1376 2.
805 1345 918 1377 Cultus
944 1344 1120 1376 celebratio.
1157 1357 1186 1377 a.
1211 1345 1333 1378 Preces.
1357 1347 1384 1377 b.
1408 1345 1475 1386 Hy-

299 1388 377 1421 mni.
412 1400 437 1421 c.
462 1388 527 1420 dies
550 1389 633 1421 sesti.
668 1399 695 1420 e.
720 1389 848 1421 ieiunia.
892 1391 905 1429 §
932 1390 961 1422 3.
993 1391 1262 1421 Sacramentorum
1279 1390 1476 1420 administra-

298 1433 354 1465 tio.
401 1433 438 1464 A.
463 1433 673 1465 Sacramenta.
711 1445 740 1465 α.
765 1433 812 1464 De
840 1434 1049 1466 Sacramentis
1075 1434 1109 1465 in
1133 1444 1252 1475 genere.
1290 1435 1316 1466 b.
1341 1434 1388 1464 De
1417 1434 1476 1465 Ba-

298 1478 425 1518 ptismo.
462 1488 487 1509 c.
512 1478 558 1509 Dc
578 1489 601 1509 s.
623 1489 725 1510 coena.
762 1478 799 1510 B.
824 1479 1098 1509 sacramentorum
1117 1478 1357 1510 administratio.
1383 1490 1412 1510 a.
1430 1478 1477 1509 De

298 1522 503 1554 Sacramentis
521 1522 554 1553 in
573 1533 695 1563 genere.
728 1524 755 1555 b.
771 1522 818 1554 De
837 1523 1011 1565 Baptismo.
1041 1534 1066 1554 c.
1084 1522 1132 1553 De
1151 1533 1174 1554 s.
1195 1522 1309 1555 Coena.
1340 1524 1352 1562 ς
1371 1524 1402 1554 4.
1419 1522 1477 1552 Di-

296 1567 446 1609 sciplinae
473 1577 554 1599 usuS.
579 1586 623 1590 —-
646 1567 734 1598 Bona
757 1567 1049 1599 Ecclesiastica.-·—
1063 1567 1229 1598 Conclusio
1241 1567 1338 1598 huius
1352 1567 1476 1608 capitis.

254 1622 366 1654 CAPUT
390 1622 445 1653 IV.
492 1622 652 1653 Ecclesiae
684 1622 762 1653 socii
793 1647 801 1654 .
832 1645 1475 1654 ....................
1502 1619 1687 1656 147-152,

298 1678 311 1716 §
330 1677 359 1709 l.
384 1676 543 1708 Ecclesiae
567 1676 652 1709 socii.
690 1678 703 1716 §
722 1677 753 1708 2.
778 1677 940 1708 Sociorum
962 1676 998 1708 in
1019 1676 1160 1708 Ecclesia
1177 1676 1286 1708 officia.
1324 1677 1336 1715 §
1355 1676 1386 1708 3.
1409 1675 1480 1706 Mu-

298 1724 353 1753 tua
377 1721 533 1752 sociorum
556 1721 595 1752 ad
618 1722 756 1753 invicem
780 1721 904 1753 relatio.
930 1739 973 1743 —-
998 1721 1166 1752 Conclusio
1189 1721 1285 1752 huius
1309 1720 1432 1762 capitis.

255 1776 368 1808 CAPUT
390 1776 429 1807 V.
475 1776 632 1808 Ecclesiae
664 1776 805 1816 regimen
836 1799 1476 1808 ....................
1503 1773 1688 1806 152-169.

300 1832 314 1869 §
340 1831 369 1863 1.
395 1830 548 1871 Regimen
571 1830 714 1862 coeleste.
756 1832 770 1869 §
796 1830 825 1861 2.
850 1830 897 1861 Dc
919 1829 1080 1861 Ecclesiae
1096 1829 1254 1860 ministris
1278 1828 1311 1859 in
1334 1829 1480 1860 universo

299 1875 398 1917 deque
421 1885 531 1906 eorum
555 1875 589 1906 in
613 1875 715 1906 varias
739 1875 854 1906 classes
877 1874 1110 1906 distributione.
1157 1876 1172 1913 ὖ
1199 1875 1228 1905 3.
1252 1873 1478 1905 Ministrorum

299 1919 418 1951 electio.
468 1921 481 1959 §
506 1921 537 1951 4.
560 1919 787 1950 Ministrorum
812 1921 994 1950 conventus.
1043 1920 1056 1958 §
1082 1919 1110 1950 5.
1135 1918 1356 1949 Ministrorum
1376 1919 1479 1948 aucto-

300 1964 388 1995 ritas.
426 1976 454 1995 α.
481 1963 571 1995 Circa
588 1964 772 1996 doctrinam.
810 1964 836 1995 b.
860 1963 899 1994 In
915 1963 1038 2004 legibus
1054 1963 1198 1994 ferendis.
1234 1973 1259 1994 c.
1283 1962 1479 1994 Iurisdictio.

303 2011 316 2048 §
349 2009 378 2040 6.
411 2008 635 2040 Ministrorum
670 2008 780 2039 officia.
823 2019 853 2039 a.
885 2007 1192 2049 Superintendentis.
1240 2008 1266 2039 b.
1303 2007 1479 2039 Pastorum.

302 2064 328 2085 c.
353 2053 526 2085 Seniorum.
562 2053 592 2085 d.
616 2052 837 2084 Diaconorum.
886 2053 899 2091 §
926 2053 955 2087 7.
986 2051 1211 2083 Ministrorum
1241 2053 1272 2082 et
1297 2051 1396 2093 ipsius
1419 2051 1479 2082 Ec-

303 2097 415 2128 clesiae
439 2100 549 2129 mutua
573 2098 658 2129 inter
683 2107 714 2128 se
739 2096 863 2128 relatio.
888 2114 932 2119 -—
956 2096 1125 2127 Conclusio
1150 2096 1245 2127 huius
1269 2096 1392 2138 capitis.

259 2152 372 2184 CAPUT
396 2151 451 2184 VI.
498 2151 659 2184 Ecclesiae
685 2162 759 2193 erga
788 2151 1011 2183 dissentientes
1036 2153 1068 2182 et
1089 2151 1310 2192 magistratum
1333 2149 1448 2181 relatio
1473 2173 1481 2183 .
1506 2148 1691 2183 169-172,

306 2208 320 2246 §
347 2207 375 2239 1.
408 2207 566 2239 Ecclesiae
596 2218 667 2248 erga
699 2206 919 2239 dissentientes
950 2206 1075 2239 relatio.
1124 2208 1138 2246 §
1164 2207 1193 2238 2.
1223 2205 1379 2237 Ecclesiae
1410 2215 1482 2245 erga

304 2251 528 2292 magistratum
550 2252 675 2284 relatio.

261 2304 428 2336 Conclusio
452 2306 558 2346 Partis
583 2306 618 2337 ΙΙ
643 2329 1481 2339 ..........................
1506 2303 1581 2338 173.

174 2362 311 2394 PARS
338 2361 409 2390 ΙΙΙ.
455 2359 486 2391 J.
512 2359 639 2391 Calvini
663 2362 694 2391 et
717 2360 747 2393 J.
772 2358 790 2390 a
813 2360 910 2391 Lasco
934 2360 971 2391 de
995 2359 1134 2392 Ecclesia
1155 2360 1383 2392 sententiarum
1399 2360 1484 2391 inter

219 2418 250 2439 se
285 2404 470 2447 compositio
512 2428 1480 2438 ..............................
1507 2402 1691 2437 175—188.

306 2458 547 2491 Praemonenda.
584 2460 598 2498 §
617 2460 647 2492 1.
671 2459 719 2490 De
743 2459 900 2490 Ecclesiae
920 2459 1041 2500 origine
1059 2461 1151 2501 atque
1169 2458 1313 2491 historia.
1350 2460 1364 2498 §
1383 2459 1411 2491 2.
1435 2459 1483 2490 De

307 2504 464 2536 Ecclesiae
503 2502 640 2535 notione.
697 2505 710 2542 §
736 2504 765 2536 3.
796 2503 843 2535 De
879 2503 932 2535 via
965 2515 999 2535 ac
1033 2503 1169 2543 ratione,
1202 2504 1314 2546 quibus
1341 2503 1483 2535 Ecclesia

309 2550 465 2590 operatur.
513 2549 527 2586 §
552 2549 583 2579 4.
607 2548 654 2579 De
684 2547 842 2579 Ecclesiae
874 2548 968 2579 sociis
991 2559 1026 2579 ac
1051 2548 1215 2589 regimine.
1262 2550 1276 2588 §
1302 2549 1331 2580 5.
1355 2547 1402 2578 De
1425 2548 1483 2579 Ec-

309 2593 421 2624 clesiae
445 2602 519 2633 erga
542 2591 764 2624 dissentientes
791 2595 823 2623 et
849 2593 1072 2633 magistratum
1102 2592 1266 2626 relatione.
1302 2594 1316 2632 §
1343 2593 1372 2625 6.
1396 2591 1483 2633 Quae

307 2638 390 2669 inter
407 2647 438 2668 se
451 2637 572 2668 diversa
584 2636 767 2679 praecedens
780 2637 887 2668 docuit
900 2638 1085 2679 compositio
1095 2661 1103 2676 ,
1119 2637 1258 2669 breviter
1268 2639 1482 2669 resumuntur.

265 2692 422 2724 THESES
445 2715 1481 2726 ................................
1506 2690 1690 2723 189—190.

458 2836 633 2870 ERRATUM.
680 2848 711 2879 p.
736 2837 775 2869 85
802 2847 860 2878 pro
885 2836 960 2878 Cap.
1031 2838 1056 2876 ξ.
1125 2837 1147 2871 1.
1172 2836 1246 2879 Cap.
1268 2837 1326 2881 JV.
1351 2838 1365 2877 ᾗ
1392 2837 1420 2870 5.

852 2937 1062 2955 ..ἡ-κ
