1849 3239
75 1319 78 1322 ’
135 1331 150 1348 >2
164 1326 252 1351 rare
277 1324 358 1350 non
382 1318 549 1364 possunt
566 1311 616 1363 4),

837 76 910 115 151

127 210 324 249 sociorum
345 208 514 246 invicem
538 213 676 247 mutua
703 209 994 248 consociatione
1023 209 1332 262 deprehendisse
1362 213 1383 249 a
1414 210 1536 250 Lasco
1565 214 1621 251 vi-

127 279 255 318 detur.
318 276 404 315 Non
439 279 597 317 nomine
633 284 810 322 tantum,
839 279 908 317 sed
937 291 1075 330 reapse
1110 280 1145 317 ei
1176 278 1350 318 Ecclesia
1379 280 1421 318 in
1451 281 1619 320 solidum

128 359 226 390 una,
266 359 390 384 unum
433 359 577 399 corpus
618 354 863 398 compactum
907 354 988 392 est,
1038 348 1215 399 adeoque
1246 355 1326 387 tam
1357 361 1510 400 presse,
1540 356 1621 388 tam

129 423 258 461 arcte,
293 423 373 454 tam
413 417 602 455 adstricte
632 416 831 467 denique,
857 417 1122 455 indissolubili
1162 417 1244 455 sere
1284 418 1441 456 vinculo
1480 418 1620 456 intime

67 511 70 513 Δ
128 486 348 525 coadunata
379 493 459 530 est,
490 486 530 524 in
560 497 683 523 unum
713 493 935 536 compacta,
965 487 1168 537 copulata,
1199 487 1472 538 conglutinata
1502 493 1622 537 atque

129 555 372 599 consociata,
402 561 447 593 ut
475 556 602 605 maj0r
630 560 738 592 certe
769 553 1021 594 cohaerentia
1052 556 1218 606 cogitari
1249 567 1409 607 prorsus
1438 562 1622 607 nequeat.

131 622 215 668 Sic,
255 630 298 662 ut
338 624 411 662 alia
443 624 642 667 omittam,
700 623 940 662 »infantium
971 637 1065 663 cura
1095 637 1174 663 non
1205 624 1254 663 ad
1284 630 1469 676 parentes
1498 624 1623 668 solos,

131 693 231 732 »sed
267 693 315 731 ad
356 699 479 731 totam
518 691 731 730 Ecclesiam
767 705 923 744 quoque
962 695 1137 745 pertinet
1153 693 1242 745 2);''
1281 716 1332 722 —
1372 692 1623 745 »Baptismus

131 774 240 800 »non
281 770 437 800 tantum
475 761 524 799 ad
564 762 831 806 infantes,...
871 763 938 813 qui
975 763 1024 801 ad
1054 764 1163 801 illum
1194 762 1436 806 offeruntur,
1475 761 1545 800 sed
1574 761 1626 801 ad

133 815 402 869 {Catholicam
433 831 552 869 etiam
569 830 713 870 Christi
744 830 958 870 Ecclesiam
983 833 1037 870 ita
1068 833 1263 883 pertinet,
1293 839 1338 870 ut
1368 832 1475 870 illam
1500 837 1626 869 totam

133 913 256 939 »cum
297 900 477 938 omnibus
517 899 685 938 ubilibet
725 900 913 939 membris
951 901 1032 939 suis
1067 901 1255 939 mundam
1284 913 1444 952 prorsus
1474 900 1626 938 censeri

134 986 149 1002 »
163 975 358 1012 testetur,
380 975 421 1006 et
455 968 620 1020 proinde
651 980 735 1006 esse
766 967 806 1006 id
836 967 961 1006 debiti
993 967 1190 1018 officiique
1219 975 1400 1006 nostrum
1431 970 1627 1013 omnium,

134 1056 150 1073 η
163 1044 208 1076 ut
238 1050 317 1075 non
346 1037 477 1075 minus
506 1037 617 1074 illum
648 1036 697 1074 ad
726 1048 797 1074 nos
827 1048 962 1074 omnes
992 1037 1193 1088 pertinere
1223 1048 1473 1081 censeamus,
1510 1050 1627 1089 quam

135 1107 196 1145 »si
227 1119 305 1144 una
334 1118 423 1144 cum
453 1105 560 1143 hisce
590 1105 807 1143 infantibus
832 1106 981 1156 pariter
1006 1118 1142 1144 omnes
1168 1105 1460 1157 baptizaremur
1472 1106 1550 1158 ³);''
1577 1130 1629 1135 ——

135 1176 232 1227 »qui
273 1181 436 1226 peccant
474 1174 515 1212 in
545 1173 722 1212 Ecclesia
746 1174 844 1226 (non
875 1173 1126 1227 Ecclesiam),
1157 1175 1270 1226 culpa
1301 1187 1340 1213 se
1371 1175 1478 1214 haud
1507 1175 1627 1214 dubie

134 1244 358 1296 »profanati
397 1243 547 1294 pariter
583 1244 821 1282 sacrosancti
852 1244 1055 1295 sanguinis
1085 1251 1125 1282 et
1154 1245 1329 1296 corporis
1358 1243 1504 1283 Christi
1534 1244 1629 1283 libe-

622 1312 646 1328 ''
674 1325 717 1350 ac
745 1313 933 1364 proinde,
949 1336 1001 1341 —
1019 1330 1034 1346 >³
1049 1314 1215 1364 quisque
1232 1314 1272 1352 in
1290 1313 1463 1352 Ecclesia
1480 1315 1630 1366 cogitet

135 1389 369 1435 »peccatum
408 1382 541 1420 fratris
580 1394 660 1419 nou
695 1388 776 1419 tam
806 1383 927 1433 ipsius
958 1383 1098 1428 solius,
1135 1396 1253 1434 quam
1283 1395 1394 1421 suam
1424 1383 1544 1421 ctiam
1574 1390 1631 1421 to-

137 1453 326 1503 »tiusque
357 1451 456 1489 adeo
486 1449 683 1488 Ecclesiae
714 1463 819 1496 csse,
850 1459 895 1489 ut
924 1452 1090 1503 quisque
1120 1464 1161 1490 se
1192 1458 1233 1490 et
1263 1458 1387 1490 totam
1417 1450 1631 1490 Ecclesiam

139 1522 209 1560 »in
239 1527 451 1571 conspectu
481 1519 551 1558 Dei
582 1532 689 1558 ream
720 1533 804 1559 esse
835 1528 983 1559 statuat
1001 1521 1081 1574 ⁵);’'
1112 1528 1152 1560 et
1182 1533 1340 1566 rursus,
1379 1520 1447 1559 ubi
1478 1532 1632 1559 excom-

137 1587 362 1628 municatus
401 1588 557 1641 publice
593 1589 700 1628 edita
739 1590 986 1641 poenitentia
1024 1590 1065 1628 in
1097 1589 1310 1629 Ecclesiam
1340 1590 1553 1642 recipitur,
1581 1612 1634 1618 —-

141 1665 253 1697 »tota
292 1659 412 1696 etiam
451 1657 626 1696 Ecclesia
661 1658 710 1697 dc
741 1666 847 1697 certa
878 1667 1130 1711 peccatorum
1159 1660 1468 1698 remissione...
1498 1671 1634 1698 conso-

142 1728 360 1766 »lationem
399 1728 543 1779 accipit
582 1740 652 1779 per
690 1730 979 1768 attestatoriam
1015 1730 1122 1768 illam
1157 1737 1408 1781 pcccatorum
1438 1729 1635 1768 remissio-

142 1809 262 1835 »nem
291 1803 332 1834 et
356 1809 445 1835 cum
462 1795 636 1835 Ecclesia
660 1797 794 1836 fratris
819 1799 916 1850 lapsi
938 1799 1301 1838 reconciliationem
1318 1795 1386 1850 ⁶).'’
1431 1797 1583 1843 Quibus
1602 1799 1634 1837 si

142 1865 343 1904 addideris
381 1877 447 1908 ca,
486 1877 586 1915 quac
622 1865 671 1903 de
710 1865 906 1904 sociorum
941 1878 1034 1918 erga
1067 1866 1210 1905 fratres
1240 1865 1378 1905 officiis
1408 1866 1448 1904 in
1479 1878 1634 1917 praece·

141 1935 252 1973 denti
281 1933 308 1987 ᾗ
336 1934 534 1985 disputata
566 1941 680 1978 sunt,
711 1935 886 1986 penitius
915 1934 1028 1973 Lasci
1057 1926 1232 1974 mentem
1263 1935 1336 1974 tibi
1361 1934 1526 1974 habebis
1550 1947 1635 1986 pcr-

142 2010 336 2056 spectam,
375 2003 442 2041 ubi
482 2004 677 2042 sociorum
729 2011 909 2042 mutuam
960 2005 1195 2043 relationem
1243 2004 1399 2048 laudat,
1448 2010 1635 2055 tanquam

143 2079 351 2112 »mutuam
380 2073 551 2113 invicem
578 2072 747 2111 fratrum
777 2073 817 2111 in
848 2071 1021 2112 Ecclesia
1052 2074 1227 2112 omnium
1257 2073 1464 2112 socitatem
1478 2072 1548 2124 ⁷).''

611 2343 887 2383 CONCLUSIO
916 2344 1110 2383 CAPITIS
1139 2343 1200 2383 lV.

200 2483 490 2523 Ecclesiasticae
527 2483 713 2522 societatis
755 2483 814 2521 ius
843 2483 1012 2521 omnibus
1051 2483 1239 2534 competit,
1279 2483 1342 2535 qui
1380 2482 1544 2521 «moribus
1575 2482 1636 2521 lzo-

146 2552 242 2592 nesti
274 2552 489 2591 unanimem
526 2565 608 2591 cnm
638 2552 810 2591 Ecclesia
845 2552 1037 2591 doctrinae
1071 2564 1289 2591 consensum
1323 2551 1472 2602 foveant
1501 2555 1534 2588 cl
1566 2550 1635 2589 Ec-

147 2621 367 2660 clesiasticis
387 2620 684 2660 institutionibus
709 2620 889 2659 subiicere
913 2634 950 2660 se
974 2621 1096 2660 velint.
1138 2620 1216 2671 Ipsi
1237 2620 1366 2671 fideles
1390 2620 1428 2658 in
1446 2619 1639 2660 Ecclesiae

201 2803 227 2842 2)
256 2802 369 2833 Forma
392 2811 429 2832 ac
450 2803 512 2833 rat.
536 2800 607 2833 min.
630 2801 728 2833 Lond.
751 2812 781 2842 p.
808 2801 858 2833 86.

200 2856 226 2895 3)
250 2855 297 2886 Ib.
321 2865 350 2895 p.
376 2855 450 2886 123.
627 2855 652 2895 ⁴)
676 2857 732 2898 Ep.
757 2855 802 2887 ad
825 2856 939 2888 Christ.
962 2855 1025 2887 ΙΙΙ.
1051 2856 1129 2894 (Ser.
1153 2857 1219 2886 ant.
1243 2854 1289 2887 ΙΙ.
1314 2854 1359 2886 2³.
1384 2855 1482 2894 685).

203 2910 228 2950 5)
254 2911 365 2942 forma
388 2920 425 2941 ac
448 2912 509 2942 ναί.
533 2910 596 2941 mita
620 2910 716 2942 lond.
742 2922 770 2952 p.
795 2910 869 2941 311.
1009 2910 1033 2948 ὓ)
1058 2908 1104 2939 lb.
1240 2907 1265 2948 7)
1291 2907 1337 2940 lb.
1361 2920 1390 2951 p.
1416 2908 1489 2941 285.
