1879 3239
977 85 1026 125 36

250 213 358 263 poris
395 213 636 260 discrimine;
675 238 727 245 ——-
764 216 886 255 altera
928 218 1182 263 visibilis,
1221 233 1315 272 qnae
1349 222 1540 265 hominnm
1577 232 1745 279 respectu

253 281 408 321 societas
437 282 613 322 habenda
642 289 694 323 est
724 298 868 329 eoram,
895 286 958 336 qni
984 291 1139 326 externa
1167 289 1258 341 fidei
1279 292 1514 342 professione
1539 297 1751 336 coaclanal'b

253 356 358 396 sunt,
386 373 439 381 ——
462 352 589 403 potins
613 357 737 392 tamen
759 353 801 392 in
826 365 896 392 saa
920 355 970 393 acl
995 355 1113 395 Deum
1137 358 1320 408 relatione
1336 364 1539 411 spectanda
1559 370 1632 410 est,
1663 371 1745 404 tan-

253 431 365 470 quam
394 428 668 461 externum
697 423 917 462 medium
948 425 1006 464 ad
1033 427 1279 473 salutem,
1311 429 1385 468 sive
1414 433 1540 472 scola
1571 435 1765 474 doctri-¹

256 489 412 534 nalis,
451 489 493 527 in
530 502 641 541 qaam
676 490 894 542 plerumque
933 494 1137 544 agyqreyarl
1165 496 1243 534 vall
1271 496 1371 536 Dens
1401 499 1533 539 electos
1562 514 1667 547 suos,
1699 508 1746 541 nt

253 555 384 595 divina
411 557 545 595 imbuti
573 557 746 596 doctrina
775 559 847 598 rite
878 560 975 600 Eum
1004 563 1123 601 colere
1152 564 1366 605 doceantur.
1428 567 1620 609 Catholica
1654 570 1746 610 haee

253 623 446 670 Ecclesia,
476 637 569 676 quae
598 626 792 665 doctrinae
820 640 1001 669 consensa
1028 631 1137 670 miice.
1166 633 1248 683 fere
1277 634 1475 681 imzltitar,
1504 651 1582 677 nna
1611 645 1663 679 est
1689 645 1745 679 at-

251 706 320 744 que
353 698 556 745 perpetua,
596 695 677 733 sola
716 697 907 749 salvifica,
946 711 1064 739 vacua
1102 702 1150 739 ab
1189 715 1335 749 errore,
1376 705 1426 744 acl
1455 708 1746 748 sanctimoniam

252 762 424 806 tendens,
464 773 488 800 a
525 762 632 812 falsa
665 764 823 817 denique
862 766 1034 807 Ecclesia
1072 770 1180 808 nnice
1218 772 1320 811 verbi
1355 782 1745 829 sacramentorumque

248 830 478 877 ministerio,
510 836 689 884 tanquam
718 834 839 884 Lydio
871 836 1016 887 lapide,
1045 838 1305 880 discernenda.

808 1140 1044 1207 CAPUT
1092 1146 1189 1208 ΠΙ.ι

471 1276 518 1303 DE
549 1278 611 1305 VIA
642 1280 687 1306 AC
720 1280 906 1317 RATIONE,
938 1285 1072 1317 QUIBUS
1103 1287 1284 1315 ECCLESIA
1315 1289 1526 1320 OPERATUR.

909 1423 1081 1430 Ἣ

295 1521 345 1561 Ut
376 1521 548 1562 Ecclesia
578 1537 745 1565 munere
776 1540 846 1567 suo
876 1530 1120 1584 defungatur
1152 1542 1192 1573 et
1222 1535 1391 1576 docendi
1423 1539 1740 1596 instituendique

236 1598 368 1642 partes
412 1593 627 1639 sustineat,
672 1596 901 1648 dispensare
947 1600 1068 1640 debet
1143 1619 1158 1637 >³
1175 1603 1427 1652 thesaurum,
1474 1623 1591 1660 quem
1636 1612 1739 1651 Deus

239 1661 371 1712 »apud
402 1674 488 1701 eam
519 1663 701 1716 deposuit
721 1666 783 1719 ¹).''
841 1667 1042 1713 Quaenam
1074 1671 1192 1712 huius
1219 1674 1396 1715 thesauri
1426 1685 1567 1718 natura
1593 1681 1664 1725 sit,
1696 1690 1737 1721 et

238 1742 409 1781 quanam
443 1733 596 1772 ratione
627 1734 696 1774 fiat
726 1736 812 1775 eius
841 1738 1084 1791 dispensatio
1114 1742 1154 1780 in
1185 1742 1261 1782 hoc
1292 1745 1417 1797 igitur
1447 1749 1574 1800 capite
1606 1751 1735 1801 inqui-

236 1800 405 1839 rendum
450 1802 564 1841 nobis
609 1805 696 1843 erit.
756 1804 884 1845 Media
929 1816 1084 1855 autem,
1130 1812 1273 1862 quibus
1304 1815 1433 1854 utitur
1463 1816 1659 1864 Ecclesia,
1689 1826 1734 1859 ut

237 1868 358 1908 finem
392 1883 507 1910 suum
538 1870 799 1924 adipiscatur,
840 1889 961 1927 quum
993 1891 1013 1917 e
1045 1879 1194 1919 Calvini
1227 1885 1427 1923 sententia
1459 1887 1569 1925 verbi
1599 1888 1733 1928 minis-

235 1939 359 1984 terio,
404 1941 672 1982 celebratione
717 1945 866 1990 cultus,
910 1956 1248 1991 sacramentorum
1279 1953 1647 2002 administratione,
1693 1965 1733 1997 et

236 2007 468 2060 disciplinae
498 2024 592 2056 usu,
632 2013 879 2064 potissimum
910 2024 1114 2063 constant,
1153 2027 1286 2060 nostra
1319 2035 1475 2074 quoque
1507 2025 1733 2078 disquisitio

236 2078 527 2131 quadripartito
557 2080 634 2119 erit
665 2081 810 2127 divisa;
842 2090 882 2122 et
912 2084 966 2123 ita
997 2086 1158 2136 quidem
1188 2089 1291 2127 serie
1323 2103 1342 2128 a
1373 2092 1487 2131 nobis
1518 2093 1567 2133 de
1598 2095 1731 2147 singu-

233 2146 282 2185 lis
317 2147 495 2193 dicetur,
537 2156 583 2188 ut
622 2152 791 2190 seorsim
831 2152 879 2191 de
920 2160 1062 2193 natura
1094 2168 1231 2195 eorum
1263 2165 1381 2210 atque
1412 2161 1546 2201 indole
1578 2164 1730 2205 Calvini

233 2223 515 2267 percontemur
554 2221 817 2266 sententiam,
856 2222 986 2275 deque
1027 2225 1088 2263 via
1129 2239 1172 2264 ac
1202 2228 1378 2274 ratione,
1419 2232 1562 2282 quibus
1593 2241 1732 2274 utatur

235 2284 281 2323 iis
310 2284 505 2334 Ecclesia,
541 2297 715 2330 mentem
746 2292 867 2343 ipsius
898 2294 1157 2344 exploremus.
1216 2296 1364 2342 Quodsi
1395 2301 1482 2351 quis
1513 2302 1553 2340 in
1585 2305 1730 2355 specie-

234 2352 324 2399 bus,
356 2369 452 2407 quas
482 2360 822 2405 enumeravimus,
857 2368 1036 2401 mutuam
1067 2365 1263 2405 sociorum
1290 2368 1396 2406 inter
1420 2381 1461 2407 se
1488 2374 1731 2423 cooperatio-

235 2434 326 2462 nem
356 2425 579 2472 desiderat,
618 2428 792 2467 libenter
820 2430 1012 2476 fatemur,
1044 2432 1269 2480 Calvinum,
1299 2436 1366 2476 ubi
1397 2451 1460 2477 res
1490 2440 1528 2478 id
1560 2444 1729 2493 postula-

232 2490 322 2536 bat,
364 2501 404 2532 et
446 2508 478 2534 v.
519 2509 550 2535 c.
591 2497 632 2535 in
672 2505 793 2549 apost.
834 2500 958 2551 symb.
1000 2503 1256 2553 explicandus
1286 2513 1370 2544 erat
1401 2509 1592 2549 articulus
1649 2513 1728 2552 »de
1769 2520 1774 2524 “

233 2564 512 2604 communione
551 2568 826 2613 sanctorum‚''
857 2571 1057 2621 praeclare
1088 2572 1289 2613 docuisse:
1343 2575 1444 2615 »hac
1474 2580 1560 2631 lege
1591 2594 1728 2633 aggre-

232 2631 345 2682 »gari
377 2641 533 2673 sanctos
565 2636 605 2674 in
635 2637 865 2677 societatem
893 2638 1059 2685 Christi,
1091 2648 1134 2680 ut
1160 2656 1420 2696 quaecunque
1447 2648 1486 2686 in
1513 2662 1580 2688 eos
1610 2650 1727 2690 bene-

231 2698 348 2738 »ficia
390 2701 493 2742 Deus
533 2706 707 2751 confert,
747 2707 854 2745 inter
893 2720 934 2747 se
971 2711 1274 2751 communicent.
1332 2713 1468 2767 Neque
1505 2719 1610 2757 enim
1639 2719 1726 2767 fieri

229 2783 393 2823 »posse,
424 2773 456 2810 si
487 2786 582 2814 vere
612 2777 789 2828 persuasi
819 2777 900 2816 sint
930 2777 1055 2818 Deum
1086 2792 1335 2823 communem
1365 2797 1451 2825 esse
1481 2795 1655 2838 patrem,
1685 2797 1726 2831 et

279 2909 306 2950 1)
327 2909 407 2943 Just.
433 2910 489 2944 1v.
516 2912 546 2945 1.
573 2913 603 2945 1.
