1849 3239
889 111 968 152 124

231 253 283 293 1⁰.
329 253 435 293 enim
465 253 518 292 sie
543 251 627 291 fere
653 249 892 290 sententiam
915 261 1024 288 suam
1040 249 1238 289 condidit:
1268 248 1442 288 »Tribus
1458 251 1678 303 praecipuis

179 340 195 358 >2
208 323 315 362 notis
328 323 559 375 insignitam
576 322 661 361 vult
682 333 767 359 esse
780 318 958 357 Christus
970 317 1159 358 Dominus
1170 332 1279 358 suam
1292 319 1520 365 Ecclesiam,
1536 332 1678 372 nempe

178 393 431 432 »ministerio
467 391 598 436 verbi,
636 388 859 428 ministerio
900 382 1258 433 sacramentorum,
1301 395 1341 427 et
1379 402 1472 428 usu
1514 390 1677 429 Eecle·
1730 418 1734 423 .

179 463 460 502 »siasticae
497 458 841 510 disciplinae,
876 469 976 508 quae
1003 458 1162 509 quidem
1194 457 1241 496 ab
1267 457 1436 496 invicem
1458 459 1564 497 inter
1592 471 1678 508 sese

179 532 263 570 »ita
303 531 572 583 propendent,
613 533 657 566 ut
693 526 800 565 aliud
840 527 923 565 sine
965 527 1041 565 alio
1079 528 1194 579 plene
1236 527 1436 566 observari
1475 539 1554 566 non
1592 539 1678 580 pos-

179 617 195 635 >³
210 601 262 638 sit
287 600 358 653 ¹).''
406 599 579 638 Tertiam
610 608 767 648 quoque
793 602 927 640 notam
953 595 1063 648 (dise.
1086 595 1218 648 usum)
1243 597 1464 635 necessarie
1489 598 1678 648 requirit,

179 687 195 704 n
209 682 300 708 nam
349 669 433 707 sine
483 668 550 706 illo
599 665 759 704 omnino
804 665 1020 704 consistere
1061 665 1232 703 Ecclesia
1274 665 1414 716 nequit
1443 664 1513 718 2).”
1570 665 1680 705 Inter

180 744 425 778 sacramenta
456 743 534 775 tam
566 736 805 787 baptismum
832 735 885 786 ³),
923 747 1040 785 quam
1072 733 1108 772 S.
1140 733 1310 773 Coenam
1336 734 1367 786 4)
1397 742 1588 774 recenset.

231 807 284 846 2⁰.
330 806 449 845 Plane
489 805 686 844 diversam
720 810 906 842 notarum
937 804 1079 842 seriem
1109 803 1223 842 nobis
1254 804 1416 843 exhibet
1446 805 1487 843 in
1522 804 1679 843 Confes-

181 876 290 915 sione
331 874 424 913 fidei
465 874 562 913 Eecl.
603 873 761 925 Peregr.
793 871 940 916 Lond.,
979 872 1047 911 ubi
1087 873 1135 911 de
1174 873 1370 912 industria
1408 873 1515 912 hune
1549 873 1680 911 locum

180 945 386 989 tractavit,
425 945 466 982 in
505 943 611 982 hune
650 943 812 982 modum
843 942 1058 992 disserens:
1103 941 1217 981 »Vier
1248 942 1425 995 dinghen
1454 949 1560 981 moet
1588 955 1680 982 men

180 1014 286 1053 »dan
319 1013 602 1058 aenmercken,
635 1025 697 1051 0111
722 1012 771 1051 (16
798 1011 1070 1064 waraehtighe
1096 1010 1346 1064 Ghemeyntc
1377 1012 1479 1051 Gods
1508 1025 1584 1052 van
1615 1025 1679 1050 an-

180 1083 304 1122 »dere
346 1082 624 1134 Ghemeynten
664 1088 703 1120 te
735 1081 1074 1133 onderscheyden.
1135 1081 1211 1126 Ten
1249 1087 1411 1127 earsten,
1451 1082 1562 1121 datsc
1596 1082 1680 1121 niet

182 1169 196 1187 >³
211 1153 310 1191 door
339 1151 532 1204 eenigher
560 1151 777 1190 menschen
807 1158 995 1195 stemme‚
1034 1163 1144 1189 maer
1175 1151 1272 1190 door
1302 1151 1350 1190 dc
1382 1157 1548 1190 stemme
1578 1152 1680 1190 ende

182 1222 443 1273 »Autoriteyt
474 1220 598 1266 Gods,
637 1227 895 1273 wtgeroepen
935 1221 1036 1260 ende
1067 1221 1280 1272 vergadert
1310 1223 1368 1271 zij.
1429 1220 1578 1267 Voorts?
1614 1221 1681 1260 dat

182 1305 279 1343 »wy
309 1292 362 1331 (16,
390 1298 554 1330 stemme
587 1291 691 1329 Gods
721 1303 796 1329 van
826 1291 1004 1330 nieinant
1029 1291 1172 1329 anders
1201 1290 1353 1329 hooren
1382 1289 1484 1329 noch
1519 1303 1568 1329 en
1599 1303 1681 1329 soe-

182 1361 311 1405 >›ken,
351 1361 427 1399 dan
469 1360 680 1399 alleenlick
719 1366 787 1398 uet
824 1360 902 1398 den
940 1360 1080 1398 mondt
1110 1372 1186 1399 van
1221 1360 1270 1398 de
1309 1359 1459 1411 ghene,
1503 1359 1602 1397 door
1632 1359 1681 1397 de

182 1430 365 1469 »weleke
407 1429 490 1468 God
530 1430 593 1469 die
634 1434 694 1467 tot
734 1440 804 1466 ons
843 1427 954 1467 heeft
991 1429 1100 1467 laten
1135 1428 1362 1479 brenghen,
1394 1458 1426 1466 ..
1457 1433 1498 1465 te
1528 1433 1683 1472 weten,

183 1499 262 1538 »(16
288 1500 483 1551 Engelen,
514 1499 562 1537 de
589 1497 814 1550 Propheten
841 1498 943 1536 ende
970 1497 1182 1536 Christum.
1226 1497 1301 1535 Ten
1325 1496 1466 1535 dordan
1579 1509 1683 1535 moe·

182 1575 281 1607 »ten
299 1581 365 1620 wy
382 1567 624 1607 neersteliek
641 1580 895 1606 waernemen
918 1567 968 1605 (16
993 1566 1374 1619 tsamenvoeginghc
1401 1567 1517 1605 deser
1538 1567 1683 1616 drijen:

181 1645 250 1677 »te
291 1644 445 1683 ἵ«1161611,
485 1638 557 1677 der
597 1637 822 1690 Enghclen,
859 1637 930 1675 der
961 1636 1187 1688 Propheten
1218 1637 1319 1675 ende
1351 1635 1517 1675 Christi:
1556 1635 1683 1689 Opdat

180 1722 277 1761 »xvy
307 1709 374 1747 dat
406 1708 616 1748 alleenliek
646 1707 870 1760 gheloouen
901 1707 950 1746 de
982 1706 1254 1759 waraehtighe
1294 1713 1460 1745 stemme
1500 1705 1603 1746 Gods
1643 1713 1683 1745 te

181 1791 363 1823 »wcsen,
394 1779 457 1817 die
490 1785 573 1817 met
604 1777 676 1816 der
709 1776 916 1829 leeringhe
952 1776 1099 1833 Christi
1130 1776 1514 1815 overeenkoe11it...
1571 1775 1682 1814 Hier-

180 1866 195 1882 >³
211 1860 356 1892 omme,
387 1848 450 1886 die
481 1847 579 1885 haer
608 1859 738 1898 eygcn
768 1846 969 1897 lecringe,
999 1846 1097 1884 doer
1127 1845 1176 1884 de
1208 1846 1428 1896 autoriteyt
1458 1845 1530 1884 der
1559 1846 1682 1897 Engo-

182 1919 277 1957 »1611
319 1918 360 1956 of
397 1916 645 1968 Propheten,
685 1914 910 1953 eeniehsins
947 1915 1227 1960 voorhouden,
1266 1922 1467 1953 moetmen
1506 1921 1565 1954 tot
1611 1915 1682 1954 der

180 1987 417 2039 »leeringhe
455 1985 601 2024 Christi
642 1985 849 2036 brenghen
876 1985 914 2037 ⁵).
975 1984 1050 2023 Ten
1088 1984 1257 2029 vierdmz,
1301 1991 1460 2023 moeten
1502 1998 1566 2036 xvy
1605 1985 1683 2023 wel

180 2059 384 2100 >›toesien,
416 2056 483 2095 dat
515 2069 581 2107 wy
612 2056 661 2094 de
693 2061 857 2094 stemme
890 2054 992 2094 Gods
1023 2061 1079 2094 Wt
1109 2056 1286 2093 hiemant
1312 2055 1469 2100 anders,
1500 2055 1682 2107 geensins

179 2145 195 2162 n
210 2140 259 2166 en
298 2126 451 2164 hooren
491 2124 592 2163 noch
633 2123 828 2176 eyschen,
869 2124 945 2163 dan
977 2130 1033 2163 Wt
1068 2125 1145 2163 den
1174 2125 1312 2163 mondt
1343 2125 1415 2163 der
1445 2124 1682 2176 Apostelen‚

181 2213 196 2231 >³
212 2195 314 2234 ende
345 2195 417 2233 der
448 2193 752 2245 EuangeliSten,
792 2193 855 2232 die
895 2200 977 2232 met
1007 2193 1104 2232 haer
1139 2207 1419 2246 gemeynsaem
1449 2207 1583 2233 waren
1609 2193 1678 2246 ⁶).'³

181 2265 232 2305 Ut
263 2266 386 2317 igitur
425 2264 596 2302 Ecclesia
636 2263 794 2301 nonnisi
826 2264 1044 2302 seeundum
1075 2263 1144 2302 Dei
1175 2264 1421 2303 voluntatem
1453 2264 1680 2308 ordinetur3

180 2342 225 2373 ut
270 2333 339 2372 Dei
385 2333 570 2371 voluntas
614 2332 774 2370 nonnisi
810 2332 857 2370 ab
889 2333 1072 2385 Angelis,
1098 2332 1306 2385 Prophetis
1336 2339 1376 2372 et
1401 2334 1484 2385 ipso
1523 2332 1680 2372 Christo

181 2409 462 2456 cognoseatur;
495 2407 539 2439 ut
573 2400 816 2453 Angelorum
842 2409 881 2440 et
908 2401 1195 2454 Prophetarum
1225 2402 1342 2441 effata
1374 2402 1519 2441 Christi
1549 2402 1680 2442 verbis

181 2473 470 2526 app1²ohentur3
516 2477 560 2509 ut
610 2471 783 2522 denique
820 2470 966 2510 Christi
997 2471 1117 2511 verba
1147 2472 1304 2511 nonnisi
1335 2471 1383 2511 ab
1414 2471 1611 2525 Apostolis
1640 2478 1680 2511 et

182 2541 448 2595 Euangelistis
477 2546 721 2592 repetantur.

235 2747 260 2788 ¹)
288 2748 400 2779 Forma
424 2755 461 2777 ac
484 2749 545 2779 rat.
570 2746 642 2778 min.
666 2746 764 2779 Loml.
789 2756 819 2789 p.
847 2746 920 2781 178.
957 2747 1023 2780 Cat.
1047 2746 1145 2778 Lond.
1169 2747 1241 2779 mai.
1265 2757 1295 2789 p.
1321 2746 1372 2781 76.
1401 2748 1470 2780 Cat.
1492 2747 1580 2780 Emcl.
1605 2749 1676 2781 mai.

182 2814 232 2844 qu.
259 2802 288 2835 5.
313 2802 419 2843 Suqffll.
445 2801 489 2832 acl
509 2802 583 2843 Rey.
610 2802 691 2833 Dan.
718 2802 836 2844 (Slmpl.
861 2812 898 2833 ae
911 2801 975 2843 fid.
999 2812 1085 2834 narr.
1109 2812 1139 2843 p.
1161 2801 1239 2842 28),

235 2858 259 2898 2)
285 2858 398 2889 Forma
422 2865 459 2887 ae
482 2858 543 2887 rat.
568 2856 640 2889 min.
664 2856 762 2889 Lond.
786 2867 818 2898 p.
844 2857 916 2891 178.
1018 2857 1043 2898 ³)
1071 2858 1139 2889 Cat.
1164 2850 1262 2890 Lond.
1287 2858 1359 2891 mai.
1384 2868 1414 2899 p.
1439 2858 1496 2896 95,
1521 2858 1578 2898 98,
1605 2858 1677 2890 105.

234 2912 259 2951 4)
284 2910 332 2942 Ib.
418 2944 421 2947 ,
465 2909 489 2949 5)
518 2910 607 2952 Cous.
623 2910 706 2953 fidei
730 2922 759 2953 p.
784 2911 830 2944 3³.
857 2912 1085 2954 (HERINGA.'p.
1110 2912 1207 2953 233).
1242 2938 1245 2940 .

234 2967 260 3007 6)
284 2965 330 2997 lb.
355 2977 385 3008 p.
411 2964 458 2999 3b.
485 2965 539 3006 (ib.
564 2977 594 3007 p.
620 2967 717 3008 234.)
