1849 3239
855 84 905 123 75

135 221 236 261 alias
265 218 481 270 abripiatur
509 218 771 270 coyitaliones,
804 221 953 268 praesto
984 220 1035 255 est
1064 215 1237 254 ministro
1267 213 1492 264 disciplinae
1516 225 1626 258 usus,

135 302 204 342 quo
233 289 345 342 fides,
378 288 511 327 leniter
543 287 777 327 eoeliortando
802 286 988 337 primum,
1017 285 1054 324 vi
1076 284 1211 323 deinde
1239 283 1425 333 ecciqatur.
1485 281 1627 320 Turbu·

138 358 332 401 lentiores,
366 357 430 408 qui
458 370 504 396 ne
531 357 588 395 vel
617 355 670 394 sie
696 355 860 394 debitam
888 354 1134 394 obedientiam
1159 357 1357 405 praestare
1385 351 1520 394 velint,
1549 362 1628 390 ma-

135 428 318 480 9istratus
346 424 477 477 gladio
503 429 569 464 aut
596 427 835 463 coerceantur
863 436 887 462 a
915 424 1036 467 malo,
1066 426 1131 462 aut
1161 422 1346 461 tollantur
1375 433 1393 458 e
1417 419 1546 458 medio.
1576 440 1629 449 ·—-

137 495 235 535 Huic
272 496 634 534 ministrorum
673 493 848 532 ordini
887 492 1086 544 opponitur
1125 491 1290 544 plebs,
1328 489 1393 541 qui
1420 492 1630 527 reverenter

137 570 171 604 et
199 564 544 604 eumveneraitone
572 562 740 602 divinam
768 562 977 601 doctrinam
1006 561 1189 612 excipere,
1229 564 1282 604 et,
1319 557 1384 610 qui
1412 569 1494 596 eam
1521 568 1630 608 prae-

137 634 286 679 dicant,
338 646 478 672 summo
520 632 688 683 obsequio
727 630 902 682 prosequi
943 630 1083 669 debent.
1154 629 1287 680 Aliquo
1331 639 1423 667 sane
1463 627 1547 665 iure
1588 626 1630 665 in

138 702 311 741 Ecclesia
343 702 527 753 quacient,
557 705 739 752 quatenus
776 699 875 738 ratio
909 712 1035 738 eorum
1069 698 1226 737 liabetur
1261 697 1301 735 in
1339 695 1527 735 ministris
1564 695 1630 733 eli-

137 771 271 823 9endis
309 776 418 823 atque
460 771 502 810 in
547 769 746 809 Seniornm
788 768 1029 807 institutione.
1097 766 1344 806 Seniores
1382 777 1430 804 sc.
1469 764 1633 803 medium

138 838 252 879 iieluti
292 840 410 879 locum
445 840 544 878 inter
578 843 775 890 utrumque
805 837 998 876 Ecclesiae
1026 837 1196 876 ordinem
1225 839 1426 887 occupant,
1463 838 1496 873 et
1525 833 1631 872 sedu-

142 909 176 948 lo
211 908 425 960 pastoribus
454 920 671 947 succurrere
694 907 826 945 debent
854 906 896 945 in
924 906 1118 945 doctrinae
1142 904 1310 956 puritate
1339 903 1487 942 tuenda.
1547 901 1633 941 Una

140 990 222 1017 cum
252 978 468 1029 pastoribus
495 989 641 1016 morum
669 988 867 1015 censuram
895 979 1033 1025 ayunt,
1063 979 1096 1013 et
1121 973 1243 1025 plebis
1271 972 1313 1011 in
1342 972 1517 1011 Ecclesia
1545 971 1634 1010 iura

140 1051 289 1086 strenue
322 1046 453 1085 debent
490 1046 701 1096 defendere.
731 1067 782 1074 -—·
811 1043 1004 1083 Ecclesiae
1033 1042 1247 1093 orqanismo
1276 1053 1466 1080 anneccum
1491 1041 1635 1092 potius,

140 1128 252 1168 quam
287 1127 370 1154 cum
409 1127 450 1153 eo
487 1115 724 1154 coniunctum
762 1118 836 1158 est,
876 1112 1221 1151 Diaeonorum
1260 1109 1532 1153 ministerium,
1571 1109 1636 1161 qui

140 1195 339 1239 eqenorum
381 1183 531 1235 inopiae
565 1183 821 1235 opitulantur,
861 1186 976 1221 totum
1010 1181 1203 1220 Ecclesiae
1241 1179 1436 1220 aerarium
1474 1178 1636 1217 admini-

142 1256 286 1298 strant,
315 1256 349 1291 et
371 1252 438 1290 lzoc
458 1256 570 1304 paeto
594 1264 679 1291 cum
701 1250 890 1290 ministris
915 1250 1108 1301 cooperari
1127 1253 1305 1301 possunt,
1334 1252 1375 1287 ut
1389 1247 1538 1299 qratia,
1563 1259 1637 1299 qua

78 1342 80 1344 v
141 1309 325 1372 fh’uuntur
353 1322 455 1374 apud
480 1333 686 1373 pauperes,
716 1320 912 1359 doctrinae
934 1323 1177 1371 promoveant
1205 1318 1474 1357 auctoritatem.

760 1479 1002 1486 ————-—.

724 1594 959 1644 CAPUT
1009 1595 1059 1642 V.

267 1724 473 1751 ECCLESIAE
503 1723 603 1751 ERGA
634 1718 930 1750 DISSENTIENTES
959 1722 1007 1749 ET
1037 1721 1311 1749 MAGlSTRATUM
1342 1721 1519 1749 RELATIO.

433 1955 460 2008 ᾗ
490 1957 524 1994 1.
584 1954 778 1995 Ecclesiae
806 1967 898 2006 er9a
925 1956 1189 1996 dissentientes
1217 1958 1362 1996 relatio.

199 2079 350 2119 Clamat
374 2091 437 2119 res
461 2080 543 2132 ipsa
568 2080 865 2132 religiosissime
891 2079 1077 2119 fidelibus
1102 2081 1152 2120 ab
1167 2087 1335 2121 externo
1350 2082 1644 2121 haereticorum

146 2151 257 2189 cultu
287 2149 568 2189 abstinendum
600 2162 696 2188 esse.
740 2148 838 2188 Nam
866 2162 960 2201 prae
991 2150 1135 2189 ceteris
1157 2151 1340 2190 omnibus
1365 2150 1440 2190 hoc
1464 2151 1645 2204 inprimis

146 2220 402 2259 interdictum
433 2219 508 2258 sibi
539 2226 652 2271 putat
682 2218 888 2263 Calvinus,
933 2231 1012 2257 »ne
1034 2231 1125 2257 eum
1151 2221 1380 2272 quisquam,
1410 2227 1478 2260 aut
1503 2221 1644 2260 missae

148 2288 385 2341 »sacrilegio
415 2288 796 2332 communicantem,
826 2294 895 2326 aut
924 2300 1055 2326 coram
1081 2288 1290 2329 simulacro
1314 2297 1431 2342 caput
1456 2291 1644 2343 detegen-

149 2365 260 2396 »tem
288 2357 523 2409 conspiciat,
563 2363 631 2395 aut
670 2358 788 2395 ullam
819 2357 981 2395 omnino
1011 2359 1334 2409 superstitionem
1365 2360 1645 2412 suscipientem

151 2440 229 2465 »ex
262 2439 398 2465 earum
435 2439 604 2479 genere,
644 2426 787 2478 quibus
822 2426 1033 2465 obscurare
1071 2426 1138 2466 Dei
1168 2427 1356 2479 gloriam,
1386 2430 1530 2481 quibus
1559 2430 1645 2469 eius

152 2496 416 2547 »religionem
468 2495 693 2547 profanari,
754 2494 898 2546 quibus
951 2496 1036 2535 eius
1082 2497 1294 2536 veritatem
1337 2500 1536 2551 corrumpi
1560 2529 1568 2538 .
1586 2529 1594 2538 .
1612 2529 1644 2537 ..

153 2565 407 2609 »docuimus;
438 2577 534 2616 quas
564 2577 756 2617 usurpare
786 2576 867 2603 non
896 2571 1027 2616 potes,
1066 2565 1162 2616 quin
1202 2572 1242 2604 et
1275 2566 1646 2619 impiiseeonsessio-

154 2647 273 2673 »nem
303 2634 419 2678 edas,
448 2634 490 2672 in
520 2633 645 2672 Deum
677 2634 835 2685 penitus
865 2635 1214 2679 contumeliosam;
1251 2643 1293 2674 et
1323 2637 1542 2677 imbecillos
1571 2638 1646 2677 sra-

154 2709 264 2741 »tres
302 2703 342 2741 in
383 2702 584 2741 exitialem
623 2703 780 2741 ruinam
820 2704 1000 2755 exemplo
1039 2710 1109 2742 tuo
1149 2703 1282 2742 trahas
1315 2705 1377 2758 ¹).''
1441 2705 1646 2759 Fugienda

208 2860 233 2900 ¹)
257 2861 305 2892 De
324 2860 399 2903 fuq.
431 2861 504 2904 imp.
532 2861 578 2894 ill.
606 2862 715 2894 sacris.
740 2861 828 2895 Tom.
851 2861 945 2897 VIII.
968 2863 1061 2897 421b.
1084 2864 1124 2898 cf.
1146 2865 1187 2897 de
1210 2866 1264 2899 vit.
1287 2870 1421 2909 supersi.
1444 2866 1531 2899 Tom.
1556 2867 1646 2901 VIII.

156 2916 246 2948 452³.
272 2916 350 2950 [nst.
376 2916 430 2951 IV.
456 2918 485 2951 2.
511 2918 539 2949 5.
566 2918 675 2950 Comm.
699 2918 745 2950 ad
768 2918 827 2951 Til.
851 2917 913 2952 ΙΙΙ.
941 2920 992 2951 10.
