1849 3239
793 73 870 114 ¹133

571 208 597 261 §
628 209 661 247 2.
722 208 852 248 Cultus
879 209 1086 248 celebratio.

137 346 304 385 »Cultus
345 348 522 391 (livinus,
563 347 604 384 in
644 359 721 398 quo
756 360 898 400 magna
930 349 1089 400 pietatis
1118 360 1207 399 pars
1227 347 1286 399 ¹)''
1317 347 1580 398 conspicitur,

82 429 126 455 ca
156 417 310 454 ratione
343 430 360 454 a
394 417 509 455 nobis
539 415 731 455 celebrari
763 418 903 462 debet,
945 425 988 456 ut
1045 418 1110 456 »in
1142 417 1286 469 spiritu
1316 417 1511 455 duntaxat
1541 424 1580 455 et

81 503 96 520 »
112 487 280 524 veritate
311 486 485 524 colamus
514 485 615 524 Eum
647 493 764 537 atque
796 487 1006 525 adoremus
1023 487 1051 540 2)
1064 487 1096 531 ,”
1133 487 1312 537 adeoque
1370 502 1384 518 π
1399 485 1581 524 consistit

81 555 356 606 »potissimum
388 556 428 593 in
459 555 619 594 interno
649 556 775 593 nostri
806 556 936 594 cordis
966 562 1076 594 motu
1108 555 1157 594 ad
1183 554 1498 606 resipiscentiam
1516 553 1581 605 ³).”

81 622 149 661 Est
181 630 312 662 tamen
344 630 535 663 externus
566 636 722 676 quoquc
753 623 823 662 Dei
854 625 893 662 in
924 624 1098 663 Ecclesia
1129 637 1197 662 sua
1229 624 1380 668 cultus,
1412 635 1490 674 quo
1521 634 1579 660 so-

79 693 267 731 lemniter
304 693 543 732 celebrando
573 706 652 732 non
682 694 826 732 leviter
852 693 921 732 Dei
957 694 1121 745 gloriam
1148 706 1381 745 promovere
1416 699 1583 744 possunt

79 760 237 805 fideles,
269 761 299 799 si
359 773 524 799 »omncs
554 774 604 800 se.
662 761 756 800 Eius
786 761 1080 801 Ecclesiasticas
1109 763 1384 801 institutiones
1413 762 1581 813 diligen-

82 822 173 869 »te'r
212 830 425 869 observent
443 830 506 882 ”).”
564 830 678 869 Modo
714 844 837 883 purus
868 832 934 869 ille
966 832 1082 884 sit5),
1140 844 1219 869 »ex
1251 831 1361 869 verbi
1393 830 1463 869 Dei
1494 843 1582 868 auc-

81 901 272 939 »toritate
297 900 507 938 institutus
524 900 599 952 ⁶),”
628 901 728 939 adeo
786 918 801 934 n
817 908 859 938 ut
890 913 959 952 pro
987 901 1121 939 vetitis
1150 900 1376 938 habeantur
1406 900 1447 938 in
1473 900 1583 937 cultu

80 987 95 1002 υ
112 969 181 1007 Dei
211 969 363 1013 onmia,
393 969 442 1007 (le
474 969 617 1020 quibus
646 969 747 1008 nihil
778 970 1015 1021 praeeepit⁷'
1047 969 1133 1021 lpse
1150 969 1190 1022 ⁷).
1224 968 1424 1007 -Precibus
1464 969 1582 1021 potis-

78 1039 221 1077 simum
252 1045 428 1081 constat,
468 1038 709 1090 hymnorum
740 1045 958 1083 concentu,
998 1038 1155 1077 dierum
1185 1038 1378 1076 festorum
1409 1038 1581 1077 celebra-

78 1109 208 1152 tione,
253 1116 293 1146 ct
337 1109 614 1146 observatione
658 1108 920 1152 ieiuniorum,
965 1108 1013 1146 dc
1059 1107 1203 1158 quibus
1248 1107 1415 1158 singulis
1458 1107 1583 1159 igitur

77 1178 200 1223 verbo
229 1177 440 1216 dicendum
471 1177 558 1214 erit.

130 1260 161 1284 a.
205 1246 341 1296 Preces
370 1247 410 1284 in
441 1246 602 1284 nominc
633 1244 781 1284 Christi
812 1246 860 1284 ad
891 1246 1048 1285 Patrem
1065 1246 1114 1298 ³),
1145 1247 1207 1284 vel
1238 1247 1358 1285 etiam
1380 1246 1429 1285 ad
1455 1246 1581 1297 ipsum

72 1316 275 1355 Christum
293 1315 342 1367 ⁰),
372 1315 412 1353 in
439 1316 559 1353 sacris
584 1315 844 1354 concionibus
867 1315 1023 1368 publice
1049 1315 1217 1354 sundere
1244 1315 1376 1358 iubet,
1407 1322 1448 1353 et
1470 1327 1580 1366 prac-

72 1386 229 1429 sertim,
287 1402 302 1418 n
317 1385 497 1436 quando,
529 1391 597 1423 aut
628 1386 784 1436 insigne
815 1386 975 1436 aliquod
1006 1384 1235 1423 benificium
1266 1383 1440 1423 Ecclesia
1473 1396 1579 1422 acee-

70 1472 84 1488 »
100 1456 178 1507 pit,
223 1461 290 1492 aut
331 1454 485 1506 publiea
527 1455 658 1505 aliqua
697 1455 935 1493 necessitate
975 1455 1170 1506 premitur
1198 1454 1290 1506 1⁰)‚''
1346 1453 1580 1492 solemniter

68 1524 289 1576 peculiares
338 1536 483 1574 easque
524 1523 809 1562 servidissimas
848 1537 983 1575 preces
1024 1525 1070 1563 ad
1112 1524 1287 1562 divinam
1326 1524 1576 1561 maiestatem

67 1592 240 1631 Ecclesia
272 1593 426 1635 mittat,
476 1593 734 1644 »priusquam
767 1601 982 1633 consuetae
1012 1594 1111 1632 aliae
1143 1606 1279 1645 preces
1309 1592 1489 1644 publicae
1519 1592 1576 1629 in·

73 1661 446 1713 »stituanturssy’f
491 1661 533 1699 ln
575 1663 681 1700 omni
723 1669 856 1701 autem
898 1663 1127 1714 precatione
1159 1662 1415 1714 praecipuum
1445 1661 1576 1698 locum

68 1748 82 1764 >1
97 1737 351 1783 peecatorum
375 1731 604 1769 consessio'’
635 1739 800 1783 occupet
819 1732 884 1784 ¹²),
915 1739 955 1770 et
986 1745 1057 1783 pro
1083 1732 1182 1770 vivis
1202 1732 1245 1783 13)
1269 1730 1511 1783 (cumprimis
1543 1731 1574 1768 si

65 1801 133 1851 qui
173 1807 384 1851 aegrotent
402 1799 481 1851 ¹¹¹),)
521 1800 625 1850 apud
665 1799 789 1839 Deum
827 1802 1059 1840 intercessio
1098 1813 1315 1852 numquam
1343 1793 1571 1838 omittatur.

64 1868 328 1907 »Precabitur
366 1869 540 1920 denique
581 1870 830 1908 auscultante
871 1869 1046 1909 Ecclesia
1087 1877 1127 1908 et
1157 1870 1197 1908 in
1229 1882 1359 1921 genua
1391 1880 1569 1920 procum-

63 1955 78 1972 »
93 1938 214 1977 bente
233 1936 293 1988 ¹⁵).

115 2007 151 2046 b.
200 2007 434 2057 Hyvmorztm
458 2012 673 2046 concentum.
700 2008 812 2047 wate
839 2007 1038 2048 Ecclesiae
1065 2008 1351 2050 aedificationi,
1383 2013 1423 2045 et
1439 2006 1568 2044 cordis

61 2077 110 2115 ad
151 2076 220 2114 Dei
260 2076 475 2115 sublationi
513 2077 705 2115 inservire
744 2079 940 2130 opinatur.
999 2077 1055 2116 Ne
1087 2085 1221 2117 autem
1253 2088 1440 2115 sensuum
1472 2075 1567 2113 titil-

58 2147 249 2185 lationem
289 2146 440 2197 potius,
481 2159 597 2197 quam
640 2146 708 2186 Dei
739 2148 905 2199 gloriam
937 2160 1129 2199 quaerere
1160 2147 1366 2188 videatur,
1425 2151 1565 2182 »tanta

109 2319 135 2359 1)
159 2320 272 2350 Forma
295 2327 332 2348 ac
354 2318 436 2349 ratio
459 2317 532 2349 min.
555 2318 652 2350 Loncl.
678 2329 707 2360 p.
733 2318 812 2356 508,
839 2318 912 2349 564.
1048 2317 1072 2357 2)
1099 2316 1145 2348 Ib.
1170 2327 1200 2358 p.
1227 2315 1300 2348 171.

109 2375 134 2413 3)
162 2373 208 2405 Ib.
233 2383 263 2414 p.
289 2372 362 2403 569.
388 2372 436 2403 Cf.
461 2372 503 2404 ib.
528 2383 557 2414 p.
584 2372 635 2406 79.
687 2375 755 2405 Cat.
780 2373 877 2404 [ond.
903 2373 975 2404 mai.
1002 2383 1031 2413 p.
1059 2372 1117 2410 13,
1144 2372 1203 2407 16,
1229 2370 1280 2400 20.

109 2428 134 2466 ⁴¹)
160 2428 273 2458 Forma
297 2438 334 2458 ae
357 2427 438 2458 ratio
462 2428 534 2459 min.
560 2428 656 2459 Lonrl.
682 2439 710 2469 p.
737 2427 810 2460 171.
945 2427 970 2466 5)
998 2426 1043 2457 lb.
1069 2436 1100 2467 p.
1126 2426 1186 2456 565
1214 2427 1246 2456 et
1272 2424 1346 2457 (347.

109 2483 134 2522 G)
164 2483 300 2513 Τνασίαί.
331 2482 369 2511 de
400 2482 536 2514 Sacram.
570 2493 599 2523 p.
627 2481 695 2514 lob.
728 2482 775 2513 Cf.
810 2482 876 2512 Cat.
906 2481 1004 2512 [οφ-κεῖ.
1040 2481 1112 2512 mcci.
1142 2491 1171 2522 p.
1198 2480 1248 2510 22.
1280 2479 1337 2520 Ep.
1367 2476 1411 2508 ad
1439 2479 1561 2507 Granni.

55 2539 138 2579 (Ser.
167 2539 232 2569 ant.
261 2536 305 2568 Π.
332 2536 376 2568 2³.
404 2536 478 2576 662)
504 2538 559 2579 Ep.
585 2537 630 2568 acl
652 2538 721 2569 Seu.
747 2538 815 2568 Pol.
845 2536 896 2575 (ib.
926 2537 987 2567 ΙΙΙ.
1013 2537 1057 2567 1³.
1083 2537 1158 2575 65).
1183 2536 1241 2576 Ep.
1267 2534 1367 2566 dedic.
1394 2531 1429 2577 in
1449 2529 1562 2562 Forma

57 2604 95 2625 ac
117 2595 179 2624 rat.
204 2592 276 2623 min.
301 2591 397 2623 Lond.
422 2602 452 2632 p.
479 2592 518 2629 2,
544 2592 580 2628 3,
608 2592 664 2630 10,
692 2593 743 2623 11.

108 2647 132 2688 7)
160 2649 222 2688 Ep.
247 2646 291 2677 ad
314 2648 438 2678 Frawnz.
465 2647 545 2685 (Ser.
571 2650 635 2677 ant.
662 2646 706 2678 ΙΙ.
733 2646 777 2678 2³¹.
804 2647 901 2685 6653).
1038 2645 1064 2686 8)
1095 2647 1162 2676 Cat.
1187 2644 1285 2677 [Μαί.
1310 2643 1381 2674 mai,
1407 2651 1437 2682 p.
1463 2641 1513 2671 86.

55 2745 60 2749 ἢ
107 2704 132 2742 9)
157 2702 271 2734 Forma
295 2712 333 2733 ac
355 2704 416 2732 rat.
441 2702 513 2733 min.
537 2701 637 2733 Lond.
662 2712 692 2742 p.
719 2702 775 2738 36,
801 2702 859 2740 45,
886 2701 943 2738 52,
969 2701 1050 2737 398,
1076 2700 1149 2733 527.

79 2758 131 2797 Ν)
159 2757 206 2788 Ib.
232 2768 261 2798 p.
289 2757 321 2787 δ’.
347 2756 393 2787 Cs.
419 2755 459 2787 ib.
486 2754 559 2788 547.
674 2756 713 2795 ¹¹)
740 2755 786 2787 lb.
811 2766 842 2796 p.
869 2756 921 2787 13.
947 2756 994 2787 Cs.
1018 2755 1060 2787 ib.
1085 2767 1114 2798 p.
1142 2755 1193 2785 15.
1308 2754 1346 2793 ΓΞ)
1372 2752 1418 2784 Ib.
1441 2762 1471 2793 p.
1491 2751 1541 2781 68.

93 2813 131 2853 ¹3)
159 2814 220 2854 Ep.
246 2812 291 2843 ad
312 2813 399 2843 Ball.
426 2813 506 2850 (Ser.
532 2813 597 2842 ant.
623 2811 677 2843 IV.
708 2811 753 2842 1²¹.
784 2819 828 2842 ιν.
857 2811 969 2842 LXIX.
995 2811 1087 2841 LXX.
1113 2809 1215 2841 LXXI
1233 2812 1263 2840 ct
1281 2808 1411 2840 LXXII.
1446 2807 1557 2839 Forma

54 2878 90 2899 ac
112 2870 173 2900 rat.
198 2867 270 2898 min.
300 2865 394 2897 lloml.
420 2877 449 2907 p.
476 2864 532 2902 31,
559 2865 615 2901 36,
641 2866 699 2903 45,
726 2866 784 2902 52,
811 2865 889 2901 133,
915 2865 988 2898 247.

92 2921 133 2962 14)
159 2921 271 2954 Forma
295 2932 334 2952 ew
356 2924 417 2952 ναί.
443 2922 514 2951 miae..
539 2920 637 2952 Lama.
664 2921 736 2952 6352.
874 2919 911 2959 l⁵)
939 2920 986 2952 lb.
1011 2931 1040 2961 p.
1066 2920 1117 2951 415.
1144 2919 1190 2950 Cf.
1218 2919 1256 2951 ib.
1282 2929 1312 2960 p.
1341 2920 1412 2950 113.
