<?xml version="1.0" encoding="UTF-8"?>
<!DOCTYPE html PUBLIC "-//W3C//DTD XHTML 1.0 Transitional//EN"
    "http://www.w3.org/TR/xhtml1/DTD/xhtml1-transitional.dtd">
<html xmlns="http://www.w3.org/1999/xhtml" xml:lang="en" lang="en">
 <head>
  <title>
</title>
<meta http-equiv="Content-Type" content="text/html;charset=utf-8" />
  <meta name='ocr-system' content='tesseract 3.04.00' />
  <meta name='ocr-capabilities' content='ocr_page ocr_carea ocr_par ocr_line ocrx_word'/>
</head>
<body>
  <div class='ocr_page' id='page_1' title='image "./disquisitiohisto00kuyp_0082.png"; bbox 0 0 1849 3239; ppageno 0'>
   <div class='ocr_carea' id='block_1_1' title="bbox 938 113 989 151">
    <p class='ocr_par' dir='ltr' id='par_1_1' title="bbox 938 113 989 151">
     <span class='ocr_line' id='line_1_1' title="bbox 938 113 989 151; baseline -0.02 0"><span class='ocrx_word' id='word_1_1' title='bbox 938 113 989 151; x_wconf 72' lang='grc' dir='ltr'>ΒΞ.)</span> 
     </span>
    </p>
   </div>
   <div class='ocr_carea' id='block_1_2' title="bbox 218 242 1739 640">
    <p class='ocr_par' dir='ltr' id='par_1_2' title="bbox 218 242 1739 640">
     <span class='ocr_line' id='line_1_2' title="bbox 218 242 1709 295; baseline -0.001 -13"><span class='ocrx_word' id='word_1_2' title='bbox 218 244 384 282; x_wconf 86' lang='lat' dir='ltr'>bilitatis</span> <span class='ocrx_word' id='word_1_3' title='bbox 414 245 616 282; x_wconf 79' lang='lat' dir='ltr'>excusatio</span> <span class='ocrx_word' id='word_1_4' title='bbox 647 245 766 295; x_wconf 88' lang='lat' dir='ltr'>accipi</span> <span class='ocrx_word' id='word_1_5' title='bbox 797 249 948 294; x_wconf 86' lang='lat' dir='ltr'>potest,</span> <span class='ocrx_word' id='word_1_6' title='bbox 979 255 1067 281; x_wconf 86' lang='lat' dir='ltr'>narn</span> <span class='ocrx_word' id='word_1_7' title='bbox 1099 244 1181 295; x_wconf 89' lang='lat' dir='ltr'>ipse</span> <span class='ocrx_word' id='word_1_8' title='bbox 1214 242 1316 281; x_wconf 88' lang='lat' dir='ltr'>Deus</span> <span class='ocrx_word' id='word_1_9' title='bbox 1374 260 1388 277; x_wconf 67' lang='lat' dir='ltr'><em>v</em></span> <span class='ocrx_word' id='word_1_10' title='bbox 1407 244 1447 282; x_wconf 92' lang='lat' dir='ltr'>in</span> <span class='ocrx_word' id='word_1_11' title='bbox 1477 245 1600 282; x_wconf 86' lang='lat' dir='ltr'>servis</span> <span class='ocrx_word' id='word_1_12' title='bbox 1630 244 1709 282; x_wconf 88' lang='lat' dir='ltr'>suis</span> 
     </span>
     <span class='ocr_line' id='line_1_3' title="bbox 219 310 1710 364; baseline -0.001 -13"><span class='ocrx_word' id='word_1_13' title='bbox 219 314 302 352; x_wconf 68' lang='lat' dir='ltr'>nita</span> <span class='ocrx_word' id='word_1_14' title='bbox 334 319 540 364; x_wconf 89' lang='lat' dir='ltr'>operatur,</span> <span class='ocrx_word' id='word_1_15' title='bbox 575 320 620 350; x_wconf 91' lang='lat' dir='ltr'>ut</span> <span class='ocrx_word' id='word_1_16' title='bbox 650 312 749 350; x_wconf 83' lang='lat' dir='ltr'>nihil</span> <span class='ocrx_word' id='word_1_17' title='bbox 779 318 919 363; x_wconf 80' lang='lat' dir='ltr'>agant,</span> <span class='ocrx_word' id='word_1_18' title='bbox 954 311 1029 349; x_wconf 85' lang='lat' dir='ltr'>nisi</span> <span class='ocrx_word' id='word_1_19' title='bbox 1061 319 1256 362; x_wconf 87' lang='lat' dir='ltr'>quatenus</span> <span class='ocrx_word' id='word_1_20' title='bbox 1285 318 1480 362; x_wconf 86' lang='lat' dir='ltr'>reguntur</span> <span class='ocrx_word' id='word_1_21' title='bbox 1510 312 1595 350; x_wconf 87' lang='lat' dir='ltr'>eius</span> <span class='ocrx_word' id='word_1_22' title='bbox 1626 310 1710 364; x_wconf 87' lang='lat' dir='ltr'>Spi-</span> 
     </span>
     <span class='ocr_line' id='line_1_4' title="bbox 220 379 1711 434; baseline -0.001 -14"><span class='ocrx_word' id='word_1_23' title='bbox 220 382 330 420; x_wconf 83' lang='lat' dir='ltr'>»ritu</span> <span class='ocrx_word' id='word_1_24' title='bbox 346 381 412 434; x_wconf 73' lang='lat'><strong>⁸).”</strong></span> <span class='ocrx_word' id='word_1_25' title='bbox 470 381 654 420; x_wconf 87' lang='lat' dir='ltr'>Praeesse</span> <span class='ocrx_word' id='word_1_26' title='bbox 694 381 818 432; x_wconf 85' lang='lat' dir='ltr'>igit-ur</span> <span class='ocrx_word' id='word_1_27' title='bbox 846 380 965 418; x_wconf 91' lang='lat' dir='ltr'>debet</span> <span class='ocrx_word' id='word_1_28' title='bbox 996 379 1194 419; x_wconf 77' lang='lat' dir='ltr'>Ecclesiae</span> <span class='ocrx_word' id='word_1_29' title='bbox 1225 380 1315 418; x_wconf 77' lang='lat' dir='ltr'>ordo</span> <span class='ocrx_word' id='word_1_30' title='bbox 1345 380 1536 419; x_wconf 67' lang='lat' dir='ltr'>homimem</span> <span class='ocrx_word' id='word_1_31' title='bbox 1550 381 1600 434; x_wconf 80' lang='lat'>⁹),</span> <span class='ocrx_word' id='word_1_32' title='bbox 1640 393 1711 432; x_wconf 85' lang='lat' dir='ltr'>per</span> 
     </span>
     <span class='ocr_line' id='line_1_5' title="bbox 220 449 1739 503; baseline -0.002 -13"><span class='ocrx_word' id='word_1_33' title='bbox 220 463 390 503; x_wconf 88' lang='lat' dir='ltr'>quorum</span> <span class='ocrx_word' id='word_1_34' title='bbox 430 464 471 489; x_wconf 88' lang='lat' dir='ltr'>os</span> <span class='ocrx_word' id='word_1_35' title='bbox 510 451 591 502; x_wconf 88' lang='lat' dir='ltr'>ipse</span> <span class='ocrx_word' id='word_1_36' title='bbox 633 449 735 488; x_wconf 90' lang='lat' dir='ltr'>Deus</span> <span class='ocrx_word' id='word_1_37' title='bbox 775 449 971 500; x_wconf 89' lang='lat' dir='ltr'>loquitur,</span> <span class='ocrx_word' id='word_1_38' title='bbox 1009 449 1103 488; x_wconf 89' lang='lat' dir='ltr'>dum</span> <span class='ocrx_word' id='word_1_39' title='bbox 1143 462 1276 488; x_wconf 82' lang='lat' dir='ltr'>veram</span> <span class='ocrx_word' id='word_1_40' title='bbox 1318 449 1539 488; x_wconf 78' lang='lat' dir='ltr'>doctrinam</span> <span class='ocrx_word' id='word_1_41' title='bbox 1568 450 1739 501; x_wconf 72' lang='lat' dir='ltr'>populo·</span> 
     </span>
     <span class='ocr_line' id='line_1_6' title="bbox 221 518 1712 570; baseline -0.001 -12"><span class='ocrx_word' id='word_1_42' title='bbox 221 521 476 559; x_wconf 72' lang='lat' dir='ltr'>annunciant.</span> <span class='ocrx_word' id='word_1_43' title='bbox 533 519 688 569; x_wconf 84' lang='lat' dir='ltr'>Reliqui</span> <span class='ocrx_word' id='word_1_44' title='bbox 727 518 874 556; x_wconf 88' lang='lat' dir='ltr'>dociles</span> <span class='ocrx_word' id='word_1_45' title='bbox 913 530 997 556; x_wconf 84' lang='lat' dir='ltr'>esse</span> <span class='ocrx_word' id='word_1_46' title='bbox 1035 518 1183 557; x_wconf 88' lang='lat' dir='ltr'>debent</span> <span class='ocrx_word' id='word_1_47' title='bbox 1219 518 1422 570; x_wconf 87' lang='lat' dir='ltr'>discipuli,</span> <span class='ocrx_word' id='word_1_48' title='bbox 1462 519 1529 570; x_wconf 84' lang='lat' dir='ltr'>qui</span> <span class='ocrx_word' id='word_1_49' title='bbox 1560 532 1581 557; x_wconf 87' lang='lat' dir='ltr'>a</span> <span class='ocrx_word' id='word_1_50' title='bbox 1612 518 1712 558; x_wconf 82' lang='lat' dir='ltr'>vic-a-</span> 
     </span>
     <span class='ocr_line' id='line_1_7' title="bbox 220 587 1344 640; baseline -0.002 -12"><span class='ocrx_word' id='word_1_51' title='bbox 220 590 291 629; x_wconf 85' lang='lat' dir='ltr'>riis</span> <span class='ocrx_word' id='word_1_52' title='bbox 320 588 390 628; x_wconf 89' lang='lat' dir='ltr'>Dei</span> <span class='ocrx_word' id='word_1_53' title='bbox 419 588 592 628; x_wconf 90' lang='lat' dir='ltr'>divinam</span> <span class='ocrx_word' id='word_1_54' title='bbox 622 587 844 626; x_wconf 78' lang='lat' dir='ltr'>doctrinam</span> <span class='ocrx_word' id='word_1_55' title='bbox 873 595 1106 627; x_wconf 78' lang='lat' dir='ltr'>reverenter</span> <span class='ocrx_word' id='word_1_56' title='bbox 1134 588 1344 640; x_wconf 81' lang='lat' dir='ltr'>excipiant.</span> 
     </span>
    </p>
   </div>
   <div class='ocr_carea' id='block_1_3' title="bbox 557 725 1372 778">
    <p class='ocr_par' dir='ltr' id='par_1_3' title="bbox 557 725 1372 778">
     <span class='ocr_line' id='line_1_8' title="bbox 557 725 1372 778; baseline 0.001 -15"><span class='ocrx_word' id='word_1_57' title='bbox 557 725 585 778; x_wconf 49' lang='grc' dir='ltr'><strong><em>Β</em></strong></span> <span class='ocrx_word' id='word_1_58' title='bbox 614 725 648 763; x_wconf 87' lang='lat'>3.</span> <span class='ocrx_word' id='word_1_59' title='bbox 711 725 804 771; x_wconf 77' lang='lat' dir='ltr'>Quot</span> <span class='ocrx_word' id='word_1_60' title='bbox 833 725 909 764; x_wconf 74' lang='lat' dir='ltr'>sint</span> <span class='ocrx_word' id='word_1_61' title='bbox 935 726 1195 765; x_wconf 76' lang='lat' dir='ltr'>ministrorum</span> <span class='ocrx_word' id='word_1_62' title='bbox 1222 736 1372 777; x_wconf 62' lang='grc' dir='ltr'>ρεπεν-α.</span> 
     </span>
    </p>
   </div>
   <div class='ocr_carea' id='block_1_4' title="bbox 225 861 1735 2372">
    <p class='ocr_par' dir='ltr' id='par_1_4' title="bbox 225 861 1735 2372">
     <span class='ocr_line' id='line_1_9' title="bbox 279 861 1716 915; baseline 0.001 -17"><span class='ocrx_word' id='word_1_63' title='bbox 279 881 294 899; x_wconf 65' lang='lat' dir='ltr'>n</span> <span class='ocrx_word' id='word_1_64' title='bbox 310 863 384 909; x_wconf 89' lang='lat' dir='ltr'>Qui</span> <span class='ocrx_word' id='word_1_65' title='bbox 414 861 612 901; x_wconf 85' lang='lat' dir='ltr'>Ecclesiae</span> <span class='ocrx_word' id='word_1_66' title='bbox 643 863 826 915; x_wconf 86' lang='lat' dir='ltr'>regimini</span> <span class='ocrx_word' id='word_1_67' title='bbox 858 863 1077 902; x_wconf 89' lang='lat' dir='ltr'>secundum</span> <span class='ocrx_word' id='word_1_68' title='bbox 1107 863 1252 902; x_wconf 83' lang='lat' dir='ltr'>Christi</span> <span class='ocrx_word' id='word_1_69' title='bbox 1283 862 1577 902; x_wconf 82' lang='lat' dir='ltr'>institutionem</span> <span class='ocrx_word' id='word_1_70' title='bbox 1607 875 1716 914; x_wconf 78' lang='lat' dir='ltr'>prae-</span> 
     </span>
     <span class='ocr_line' id='line_1_10' title="bbox 225 931 1714 984; baseline 0.001 -16"><span class='ocrx_word' id='word_1_71' title='bbox 225 940 368 978; x_wconf 82' lang='lat' dir='ltr'>»sunt,</span> <span class='ocrx_word' id='word_1_72' title='bbox 398 933 657 971; x_wconf 82' lang='lat' dir='ltr'>nominantur</span> <span class='ocrx_word' id='word_1_73' title='bbox 681 946 702 971; x_wconf 91' lang='lat' dir='ltr'>a</span> <span class='ocrx_word' id='word_1_74' title='bbox 729 932 872 977; x_wconf 84' lang='lat' dir='ltr'>Paulo,</span> <span class='ocrx_word' id='word_1_75' title='bbox 901 933 1071 984; x_wconf 85' lang='lat' dir='ltr'>primum</span> <span class='ocrx_word' id='word_1_76' title='bbox 1097 932 1282 983; x_wconf 76' lang='lat' dir='ltr'>Apostoli,</span> <span class='ocrx_word' id='word_1_77' title='bbox 1314 932 1459 971; x_wconf 88' lang='lat' dir='ltr'>deinde</span> <span class='ocrx_word' id='word_1_78' title='bbox 1486 931 1714 982; x_wconf 76' lang='lat' dir='ltr'>Prophetae,</span> 
     </span>
     <span class='ocr_line' id='line_1_11' title="bbox 226 1000 1718 1053; baseline -0.001 -12"><span class='ocrx_word' id='word_1_79' title='bbox 226 1003 376 1041; x_wconf 77' lang='lat' dir='ltr'>»tertio</span> <span class='ocrx_word' id='word_1_80' title='bbox 405 1000 695 1052; x_wconf 70' lang='lat' dir='ltr'>Euanqelistae,</span> <span class='ocrx_word' id='word_1_81' title='bbox 727 1008 868 1053; x_wconf 87' lang='lat' dir='ltr'>quarto</span> <span class='ocrx_word' id='word_1_82' title='bbox 894 1006 1086 1052; x_wconf 76' lang='lat' dir='ltr'>pastores,</span> <span class='ocrx_word' id='word_1_83' title='bbox 1116 1009 1315 1053; x_wconf 86' lang='lat' dir='ltr'>postremo</span> <span class='ocrx_word' id='word_1_84' title='bbox 1340 1002 1530 1039; x_wconf 79' lang='lat' dir='ltr'>doctores:</span> <span class='ocrx_word' id='word_1_85' title='bbox 1560 1013 1609 1039; x_wconf 81' lang='lat' dir='ltr'>ex</span> <span class='ocrx_word' id='word_1_86' title='bbox 1635 1001 1718 1052; x_wconf 88' lang='lat' dir='ltr'>qui-</span> 
     </span>
     <span class='ocr_line' id='line_1_12' title="bbox 226 1069 1719 1109; baseline 0.001 -4"><span class='ocrx_word' id='word_1_87' title='bbox 226 1070 329 1109; x_wconf 72' lang='lat' dir='ltr'>»bus</span> <span class='ocrx_word' id='word_1_88' title='bbox 366 1069 447 1108; x_wconf 87' lang='lat' dir='ltr'>duo</span> <span class='ocrx_word' id='word_1_89' title='bbox 481 1076 636 1108; x_wconf 87' lang='lat' dir='ltr'>tantum</span> <span class='ocrx_word' id='word_1_90' title='bbox 666 1070 795 1108; x_wconf 86' lang='lat' dir='ltr'>ultimi</span> <span class='ocrx_word' id='word_1_91' title='bbox 827 1069 1072 1108; x_wconf 88' lang='lat' dir='ltr'>ordinarium</span> <span class='ocrx_word' id='word_1_92' title='bbox 1103 1069 1143 1107; x_wconf 90' lang='lat' dir='ltr'>in</span> <span class='ocrx_word' id='word_1_93' title='bbox 1175 1069 1347 1108; x_wconf 85' lang='lat' dir='ltr'>Ecclesia</span> <span class='ocrx_word' id='word_1_94' title='bbox 1378 1082 1522 1108; x_wconf 87' lang='lat' dir='ltr'>munus</span> <span class='ocrx_word' id='word_1_95' title='bbox 1551 1069 1719 1108; x_wconf 88' lang='lat' dir='ltr'>habent:</span> 
     </span>
     <span class='ocr_line' id='line_1_13' title="bbox 227 1136 1721 1189; baseline -0.001 -11"><span class='ocrx_word' id='word_1_96' title='bbox 227 1140 354 1179; x_wconf 77' lang='lat' dir='ltr'>»alios</span> <span class='ocrx_word' id='word_1_97' title='bbox 398 1146 480 1177; x_wconf 87' lang='lat' dir='ltr'>tres</span> <span class='ocrx_word' id='word_1_98' title='bbox 519 1137 634 1176; x_wconf 90' lang='lat' dir='ltr'>initio</span> <span class='ocrx_word' id='word_1_99' title='bbox 673 1137 861 1175; x_wconf 85' lang='lat' dir='ltr'>excitavit</span> <span class='ocrx_word' id='word_1_100' title='bbox 899 1136 1006 1176; x_wconf 87' lang='lat' dir='ltr'>Deus</span> <span class='ocrx_word' id='word_1_101' title='bbox 1042 1144 1081 1176; x_wconf 88' lang='lat' dir='ltr'>et</span> <span class='ocrx_word' id='word_1_102' title='bbox 1121 1139 1284 1176; x_wconf 88' lang='lat' dir='ltr'>suscitat</span> <span class='ocrx_word' id='word_1_103' title='bbox 1324 1139 1527 1177; x_wconf 86' lang='lat' dir='ltr'>interdum</span> <span class='ocrx_word' id='word_1_104' title='bbox 1568 1150 1639 1189; x_wconf 91' lang='lat' dir='ltr'>pro</span> <span class='ocrx_word' id='word_1_105' title='bbox 1678 1144 1721 1176; x_wconf 88' lang='lat' dir='ltr'>ut</span> 
     </span>
     <span class='ocr_line' id='line_1_14' title="bbox 227 1206 1722 1260; baseline 0.001 -17"><span class='ocrx_word' id='word_1_106' title='bbox 227 1226 243 1244; x_wconf 82' lang='lat'>»</span> <span class='ocrx_word' id='word_1_107' title='bbox 257 1216 482 1260; x_wconf 87' lang='lat' dir='ltr'>temporum</span> <span class='ocrx_word' id='word_1_108' title='bbox 520 1207 735 1245; x_wconf 83' lang='lat' dir='ltr'>necessitas</span> <span class='ocrx_word' id='word_1_109' title='bbox 769 1207 944 1258; x_wconf 84' lang='lat' dir='ltr'>postulat</span> <span class='ocrx_word' id='word_1_110' title='bbox 962 1206 1025 1259; x_wconf 83' lang='lat'><strong>¹).&#39;&#39;</strong></span> <span class='ocrx_word' id='word_1_111' title='bbox 1081 1206 1191 1245; x_wconf 82' lang='lat' dir='ltr'>Inter</span> <span class='ocrx_word' id='word_1_112' title='bbox 1220 1208 1396 1259; x_wconf 90' lang='lat' dir='ltr'>quinque</span> <span class='ocrx_word' id='word_1_113' title='bbox 1426 1208 1491 1246; x_wconf 86' lang='lat' dir='ltr'>illa</span> <span class='ocrx_word' id='word_1_114' title='bbox 1522 1208 1722 1246; x_wconf 89' lang='lat' dir='ltr'>ministro-</span> 
     </span>
     <span class='ocr_line' id='line_1_15' title="bbox 227 1259 1722 1330; baseline -0.003 -13"><span class='ocrx_word' id='word_1_115' title='bbox 227 1291 314 1317; x_wconf 88' lang='lat' dir='ltr'>rum</span> <span class='ocrx_word' id='word_1_116' title='bbox 345 1289 490 1330; x_wconf 85' lang='lat' dir='ltr'>genera</span> <span class='ocrx_word' id='word_1_117' title='bbox 522 1277 576 1315; x_wconf 88' lang='lat' dir='ltr'>ita</span> <span class='ocrx_word' id='word_1_118' title='bbox 606 1276 818 1327; x_wconf 81' lang='lat' dir='ltr'>distinguit</span> <span class='ocrx_word' id='word_1_119' title='bbox 848 1283 1006 1320; x_wconf 84' lang='lat' dir='ltr'>noster,</span> <span class='ocrx_word' id='word_1_120' title='bbox 1037 1283 1081 1314; x_wconf 89' lang='lat' dir='ltr'>ut</span> <span class='ocrx_word' id='word_1_121' title='bbox 1112 1277 1191 1315; x_wconf 89' lang='lat' dir='ltr'>sint</span> <span class='ocrx_word' id='word_1_122' title='bbox 1222 1277 1277 1316; x_wconf 78' lang='lat'>1⁰.</span> <span class='ocrx_word' id='word_1_123' title='bbox 1308 1277 1474 1328; x_wconf 68' lang='lat' dir='ltr'>Apostoli</span> <span class='ocrx_word' id='word_1_124' title='bbox 1504 1277 1531 1314; x_wconf 89' lang='lat' dir='ltr'>ii</span> <span class='ocrx_word' id='word_1_125' title='bbox 1546 1259 1567 1321; x_wconf 64' lang='lat'>,¹</span> <span class='ocrx_word' id='word_1_126' title='bbox 1608 1276 1722 1327; x_wconf 83' lang='lat' dir='ltr'>»qui-</span> 
     </span>
     <span class='ocr_line' id='line_1_16' title="bbox 228 1336 1725 1401; baseline -0.003 -14"><span class='ocrx_word' id='word_1_127' title='bbox 228 1336 647 1387; x_wconf 84' lang='lat' dir='ltr'>»busattribuuntur</span> <span class='ocrx_word' id='word_1_128' title='bbox 685 1346 784 1384; x_wconf 90' lang='lat' dir='ltr'>nulli</span> <span class='ocrx_word' id='word_1_129' title='bbox 819 1346 918 1385; x_wconf 91' lang='lat' dir='ltr'>certi</span> <span class='ocrx_word' id='word_1_130' title='bbox 948 1345 1068 1390; x_wconf 80' lang='lat' dir='ltr'>fines,</span> <span class='ocrx_word' id='word_1_131' title='bbox 1108 1346 1176 1384; x_wconf 89' lang='lat' dir='ltr'>sed</span> <span class='ocrx_word' id='word_1_132' title='bbox 1208 1353 1314 1384; x_wconf 84' lang='lat' dir='ltr'>totus</span> <span class='ocrx_word' id='word_1_133' title='bbox 1345 1345 1450 1383; x_wconf 89' lang='lat' dir='ltr'>orbis</span> <span class='ocrx_word' id='word_1_134' title='bbox 1479 1345 1725 1401; x_wconf 81' lang='lat' dir='ltr'>assignatur,</span> 
     </span>
     <span class='ocr_line' id='line_1_17' title="bbox 228 1400 1725 1466; baseline -0.003 -10"><span class='ocrx_word' id='word_1_135' title='bbox 228 1418 313 1456; x_wconf 78' lang='lat'>»2⁰.</span> <span class='ocrx_word' id='word_1_136' title='bbox 345 1416 617 1466; x_wconf 67' lang='lat' dir='ltr'>Ezmnyelistae</span> <span class='ocrx_word' id='word_1_137' title='bbox 640 1415 803 1453; x_wconf 89' lang='lat' dir='ltr'>suerunt</span> <span class='ocrx_word' id='word_1_138' title='bbox 830 1416 925 1459; x_wconf 90' lang='lat' dir='ltr'>viri,</span> <span class='ocrx_word' id='word_1_139' title='bbox 956 1416 1022 1466; x_wconf 90' lang='lat' dir='ltr'>qui</span> <span class='ocrx_word' id='word_1_140' title='bbox 1045 1400 1167 1466; x_wconf 85' lang='lat' dir='ltr'>quum</span> <span class='ocrx_word' id='word_1_141' title='bbox 1184 1415 1380 1466; x_wconf 79' lang='lat' dir='ltr'>dignitate</span> <span class='ocrx_word' id='word_1_142' title='bbox 1399 1411 1586 1466; x_wconf 79' lang='lat' dir='ltr'>apostolis</span> <span class='ocrx_word' id='word_1_143' title='bbox 1601 1415 1725 1452; x_wconf 90' lang='lat' dir='ltr'>mino-</span> 
     </span>
     <span class='ocr_line' id='line_1_18' title="bbox 230 1482 1727 1536; baseline -0.001 -14"><span class='ocrx_word' id='word_1_144' title='bbox 230 1505 246 1522; x_wconf 92' lang='lat'>»</span> <span class='ocrx_word' id='word_1_145' title='bbox 259 1499 323 1525; x_wconf 84' lang='lat' dir='ltr'>res</span> <span class='ocrx_word' id='word_1_146' title='bbox 336 1517 344 1531; x_wconf 96' lang='lat'>,</span> <span class='ocrx_word' id='word_1_147' title='bbox 371 1485 499 1524; x_wconf 81' lang='lat' dir='ltr'>officio</span> <span class='ocrx_word' id='word_1_148' title='bbox 516 1492 647 1524; x_wconf 85' lang='lat' dir='ltr'>tamen</span> <span class='ocrx_word' id='word_1_149' title='bbox 665 1485 831 1536; x_wconf 83' lang='lat' dir='ltr'>proximi</span> <span class='ocrx_word' id='word_1_150' title='bbox 848 1492 981 1529; x_wconf 87' lang='lat' dir='ltr'>erant,</span> <span class='ocrx_word' id='word_1_151' title='bbox 1013 1485 1189 1536; x_wconf 83' lang='lat' dir='ltr'>adeoque</span> <span class='ocrx_word' id='word_1_152' title='bbox 1207 1484 1312 1523; x_wconf 87' lang='lat' dir='ltr'>vices</span> <span class='ocrx_word' id='word_1_153' title='bbox 1328 1496 1465 1522; x_wconf 89' lang='lat' dir='ltr'>eorum</span> <span class='ocrx_word' id='word_1_154' title='bbox 1483 1482 1727 1535; x_wconf 81' lang='lat' dir='ltr'>gerebant;”</span> 
     </span>
     <span class='ocr_line' id='line_1_19' title="bbox 231 1552 1727 1606; baseline -0.003 -11"><span class='ocrx_word' id='word_1_155' title='bbox 231 1557 285 1595; x_wconf 85' lang='lat'>3⁰.</span> <span class='ocrx_word' id='word_1_156' title='bbox 315 1554 527 1606; x_wconf 76' lang='lat' dir='ltr'>Prophetae</span> <span class='ocrx_word' id='word_1_157' title='bbox 555 1554 728 1594; x_wconf 88' lang='lat' dir='ltr'>habendi</span> <span class='ocrx_word' id='word_1_158' title='bbox 759 1561 853 1593; x_wconf 90' lang='lat' dir='ltr'>sunt</span> <span class='ocrx_word' id='word_1_159' title='bbox 897 1566 1006 1592; x_wconf 78' lang='lat' dir='ltr'>»non</span> <span class='ocrx_word' id='word_1_160' title='bbox 1037 1554 1205 1606; x_wconf 86' lang='lat' dir='ltr'>quilibet</span> <span class='ocrx_word' id='word_1_161' title='bbox 1235 1555 1394 1593; x_wconf 85' lang='lat' dir='ltr'>divinae</span> <span class='ocrx_word' id='word_1_162' title='bbox 1428 1553 1645 1592; x_wconf 90' lang='lat' dir='ltr'>voluntatis</span> <span class='ocrx_word' id='word_1_163' title='bbox 1670 1552 1727 1589; x_wconf 92' lang='lat' dir='ltr'>in-</span> 
     </span>
     <span class='ocr_line' id='line_1_20' title="bbox 232 1621 1727 1678; baseline -0.003 -14"><span class='ocrx_word' id='word_1_164' title='bbox 232 1632 478 1678; x_wconf 79' lang='lat' dir='ltr'>»terpretes‚</span> <span class='ocrx_word' id='word_1_165' title='bbox 509 1625 577 1663; x_wconf 88' lang='lat' dir='ltr'>sed</span> <span class='ocrx_word' id='word_1_166' title='bbox 608 1625 674 1676; x_wconf 92' lang='lat' dir='ltr'>qui</span> <span class='ocrx_word' id='word_1_167' title='bbox 701 1624 894 1675; x_wconf 83' lang='lat' dir='ltr'>singulari</span> <span class='ocrx_word' id='word_1_168' title='bbox 920 1624 1165 1662; x_wconf 80' lang='lat' dir='ltr'>revelatione</span> <span class='ocrx_word' id='word_1_169' title='bbox 1192 1622 1496 1667; x_wconf 83' lang='lat' dir='ltr'>excellebant;&#39;&#39;</span> <span class='ocrx_word' id='word_1_170' title='bbox 1554 1623 1608 1660; x_wconf 81' lang='lat'>4⁰.</span> <span class='ocrx_word' id='word_1_171' title='bbox 1635 1621 1727 1659; x_wconf 83' lang='lat' dir='ltr'>Doe-</span> 
     </span>
     <span class='ocr_line' id='line_1_21' title="bbox 232 1691 1728 1745; baseline -0.003 -12"><span class='ocrx_word' id='word_1_172' title='bbox 232 1700 329 1734; x_wconf 80' lang='lat' dir='ltr'>tores</span> <span class='ocrx_word' id='word_1_173' title='bbox 373 1712 388 1728; x_wconf 79' lang='lat'>›&gt;</span> <span class='ocrx_word' id='word_1_174' title='bbox 403 1706 536 1733; x_wconf 85' lang='lat' dir='ltr'>sacrae</span> <span class='ocrx_word' id='word_1_175' title='bbox 575 1694 793 1745; x_wconf 82' lang='lat' dir='ltr'>scripturae</span> <span class='ocrx_word' id='word_1_176' title='bbox 830 1693 1151 1745; x_wconf 88' lang='lat' dir='ltr'>interprelationi</span> <span class='ocrx_word' id='word_1_177' title='bbox 1190 1699 1346 1731; x_wconf 88' lang='lat' dir='ltr'>tantum</span> <span class='ocrx_word' id='word_1_178' title='bbox 1386 1691 1628 1744; x_wconf 86' lang='lat' dir='ltr'>praesunt;’&#39;</span> <span class='ocrx_word' id='word_1_179' title='bbox 1673 1692 1728 1730; x_wconf 80' lang='lat'>50.</span> 
     </span>
     <span class='ocr_line' id='line_1_22' title="bbox 233 1760 1730 1814; baseline -0.003 -10"><span class='ocrx_word' id='word_1_180' title='bbox 233 1764 409 1804; x_wconf 75' lang='lat' dir='ltr'>Pastores</span> <span class='ocrx_word' id='word_1_181' title='bbox 441 1764 614 1814; x_wconf 89' lang='lat' dir='ltr'>denique</span> <span class='ocrx_word' id='word_1_182' title='bbox 672 1763 933 1814; x_wconf 77' lang='lat' dir='ltr'>»disciplinae</span> <span class='ocrx_word' id='word_1_183' title='bbox 965 1775 1059 1807; x_wconf 89' lang='lat' dir='ltr'>usu,</span> <span class='ocrx_word' id='word_1_184' title='bbox 1099 1769 1438 1801; x_wconf 87' lang='lat' dir='ltr'>sacramentorum</span> <span class='ocrx_word' id='word_1_185' title='bbox 1482 1760 1730 1800; x_wconf 80' lang='lat' dir='ltr'>administra·</span> 
     </span>
     <span class='ocr_line' id='line_1_23' title="bbox 234 1828 1731 1883; baseline -0.001 -14"><span class='ocrx_word' id='word_1_186' title='bbox 234 1852 249 1869; x_wconf 86' lang='lat'>»</span> <span class='ocrx_word' id='word_1_187' title='bbox 263 1835 393 1878; x_wconf 87' lang='lat' dir='ltr'>tione,</span> <span class='ocrx_word' id='word_1_188' title='bbox 427 1833 737 1877; x_wconf 89' lang='lat' dir='ltr'>monitionibus,</span> <span class='ocrx_word' id='word_1_189' title='bbox 778 1831 1144 1875; x_wconf 75' lang='lat' dir='ltr'>exhortationibus,</span> <span class='ocrx_word' id='word_1_190' title='bbox 1175 1838 1272 1870; x_wconf 87' lang='lat' dir='ltr'>cett.</span> <span class='ocrx_word' id='word_1_191' title='bbox 1300 1831 1525 1882; x_wconf 83' lang='lat' dir='ltr'>funguntur</span> <span class='ocrx_word' id='word_1_192' title='bbox 1541 1829 1609 1883; x_wconf 84' lang='lat'><strong>²).’&#39;</strong></span> <span class='ocrx_word' id='word_1_193' title='bbox 1655 1828 1731 1867; x_wconf 78' lang='lat' dir='ltr'>Ho-</span> 
     </span>
     <span class='ocr_line' id='line_1_24' title="bbox 233 1894 1729 1948; baseline -0.004 -6"><span class='ocrx_word' id='word_1_194' title='bbox 233 1916 321 1943; x_wconf 89' lang='lat' dir='ltr'>rum</span> <span class='ocrx_word' id='word_1_195' title='bbox 349 1903 526 1942; x_wconf 89' lang='lat' dir='ltr'>omnium</span> <span class='ocrx_word' id='word_1_196' title='bbox 556 1902 671 1940; x_wconf 92' lang='lat' dir='ltr'>unice</span> <span class='ocrx_word' id='word_1_197' title='bbox 703 1901 785 1940; x_wconf 88' lang='lat' dir='ltr'>sere</span> <span class='ocrx_word' id='word_1_198' title='bbox 817 1901 919 1939; x_wconf 83' lang='lat' dir='ltr'>circa</span> <span class='ocrx_word' id='word_1_199' title='bbox 949 1894 1113 1948; x_wconf 83' lang='lat' dir='ltr'>verbum</span> <span class='ocrx_word' id='word_1_200' title='bbox 1145 1900 1323 1938; x_wconf 82' lang='lat' dir='ltr'>divinum</span> <span class='ocrx_word' id='word_1_201' title='bbox 1354 1912 1498 1938; x_wconf 88' lang='lat' dir='ltr'>munus</span> <span class='ocrx_word' id='word_1_202' title='bbox 1529 1905 1729 1942; x_wconf 84' lang='lat' dir='ltr'>versatur,</span> 
     </span>
     <span class='ocr_line' id='line_1_25' title="bbox 235 1970 1731 2025; baseline -0.004 -14"><span class='ocrx_word' id='word_1_203' title='bbox 235 1973 378 2025; x_wconf 91' lang='lat' dir='ltr'>quibus</span> <span class='ocrx_word' id='word_1_204' title='bbox 416 1972 602 2010; x_wconf 87' lang='lat' dir='ltr'>inferiore</span> <span class='ocrx_word' id='word_1_205' title='bbox 642 1972 728 2009; x_wconf 90' lang='lat' dir='ltr'>loco</span> <span class='ocrx_word' id='word_1_206' title='bbox 759 1970 953 2009; x_wconf 87' lang='lat' dir='ltr'>accedunt</span> <span class='ocrx_word' id='word_1_207' title='bbox 1010 1970 1118 2008; x_wconf 85' lang='lat' dir='ltr'>»duo</span> <span class='ocrx_word' id='word_1_208' title='bbox 1149 1970 1224 2008; x_wconf 85' lang='lat' dir='ltr'>alia</span> <span class='ocrx_word' id='word_1_209' title='bbox 1255 1982 1423 2021; x_wconf 86' lang='lat' dir='ltr'>genera,</span> <span class='ocrx_word' id='word_1_210' title='bbox 1463 1981 1562 2020; x_wconf 87' lang='lat' dir='ltr'>quae</span> <span class='ocrx_word' id='word_1_211' title='bbox 1595 1980 1731 2019; x_wconf 87' lang='lat' dir='ltr'>perpe-</span> 
     </span>
     <span class='ocr_line' id='line_1_26' title="bbox 235 2037 1732 2093; baseline -0.004 -11"><span class='ocrx_word' id='word_1_212' title='bbox 235 2050 335 2082; x_wconf 82' lang='lat' dir='ltr'>»tuo</span> <span class='ocrx_word' id='word_1_213' title='bbox 372 2049 554 2081; x_wconf 86' lang='lat' dir='ltr'>manent:</span> <span class='ocrx_word' id='word_1_214' title='bbox 594 2040 832 2093; x_wconf 86' lang='lat' dir='ltr'>gubernatio</span> <span class='ocrx_word' id='word_1_215' title='bbox 871 2046 910 2078; x_wconf 91' lang='lat' dir='ltr'>et</span> <span class='ocrx_word' id='word_1_216' title='bbox 950 2052 1042 2078; x_wconf 86' lang='lat' dir='ltr'>cura</span> <span class='ocrx_word' id='word_1_217' title='bbox 1079 2051 1296 2090; x_wconf 88' lang='lat' dir='ltr'>pauperum</span> <span class='ocrx_word' id='word_1_218' title='bbox 1314 2037 1377 2091; x_wconf 71' lang='grc'>8).”</span> <span class='ocrx_word' id='word_1_219' title='bbox 1439 2037 1732 2077; x_wconf 86' lang='lat' dir='ltr'>Gubernatores</span> 
     </span>
     <span class='ocr_line' id='line_1_27' title="bbox 237 2109 1732 2162; baseline -0.004 -11"><span class='ocrx_word' id='word_1_220' title='bbox 237 2119 359 2151; x_wconf 80' lang='lat' dir='ltr'>»sunt</span> <span class='ocrx_word' id='word_1_221' title='bbox 393 2111 567 2151; x_wconf 79' lang='lat' dir='ltr'>Seniores</span> <span class='ocrx_word' id='word_1_222' title='bbox 597 2111 646 2150; x_wconf 90' lang='lat' dir='ltr'>de</span> <span class='ocrx_word' id='word_1_223' title='bbox 677 2110 791 2162; x_wconf 89' lang='lat' dir='ltr'>plebe</span> <span class='ocrx_word' id='word_1_224' title='bbox 822 2109 987 2153; x_wconf 88' lang='lat' dir='ltr'>delecti,</span> <span class='ocrx_word' id='word_1_225' title='bbox 1019 2109 1086 2160; x_wconf 91' lang='lat' dir='ltr'>qui</span> <span class='ocrx_word' id='word_1_226' title='bbox 1117 2120 1308 2147; x_wconf 83' lang='lat' dir='ltr'>censurae</span> <span class='ocrx_word' id='word_1_227' title='bbox 1347 2119 1502 2146; x_wconf 88' lang='lat' dir='ltr'>morum</span> <span class='ocrx_word' id='word_1_228' title='bbox 1541 2114 1582 2146; x_wconf 90' lang='lat' dir='ltr'>et</span> <span class='ocrx_word' id='word_1_229' title='bbox 1621 2118 1732 2145; x_wconf 84' lang='lat' dir='ltr'>exer-</span> 
     </span>
     <span class='ocr_line' id='line_1_28' title="bbox 237 2176 1733 2232; baseline -0.003 -12"><span class='ocrx_word' id='word_1_230' title='bbox 237 2180 511 2221; x_wconf 83' lang='lat' dir='ltr'>»exercendae</span> <span class='ocrx_word' id='word_1_231' title='bbox 543 2180 773 2232; x_wconf 87' lang='lat' dir='ltr'>disciplinae</span> <span class='ocrx_word' id='word_1_232' title='bbox 803 2191 882 2217; x_wconf 89' lang='lat' dir='ltr'>una</span> <span class='ocrx_word' id='word_1_233' title='bbox 911 2191 1000 2216; x_wconf 91' lang='lat' dir='ltr'>cum</span> <span class='ocrx_word' id='word_1_234' title='bbox 1025 2178 1189 2229; x_wconf 87' lang='lat' dir='ltr'>reliquis</span> <span class='ocrx_word' id='word_1_235' title='bbox 1210 2176 1528 2230; x_wconf 70' lang='lat' dir='ltr'>praeessent‘1),”</span> <span class='ocrx_word' id='word_1_236' title='bbox 1554 2182 1598 2214; x_wconf 89' lang='lat' dir='ltr'>ut</span> <span class='ocrx_word' id='word_1_237' title='bbox 1637 2176 1733 2215; x_wconf 84' lang='lat' dir='ltr'>»ha-</span> 
     </span>
     <span class='ocr_line' id='line_1_29' title="bbox 238 2246 1735 2302; baseline -0.004 -12"><span class='ocrx_word' id='word_1_238' title='bbox 238 2251 359 2290; x_wconf 85' lang='lat' dir='ltr'>»beat</span> <span class='ocrx_word' id='word_1_239' title='bbox 397 2262 660 2302; x_wconf 88' lang='lat' dir='ltr'>unaquaeque</span> <span class='ocrx_word' id='word_1_240' title='bbox 697 2248 872 2287; x_wconf 88' lang='lat' dir='ltr'>Ecclesia</span> <span class='ocrx_word' id='word_1_241' title='bbox 908 2260 1023 2286; x_wconf 89' lang='lat' dir='ltr'>suum</span> <span class='ocrx_word' id='word_1_242' title='bbox 1064 2246 1276 2292; x_wconf 86' lang='lat' dir='ltr'>Senatum,</span> <span class='ocrx_word' id='word_1_243' title='bbox 1315 2247 1656 2298; x_wconf 85' lang='lat' dir='ltr'>circumscriptum</span> <span class='ocrx_word' id='word_1_244' title='bbox 1685 2258 1735 2284; x_wconf 86' lang='lat' dir='ltr'>ex</span> 
     </span>
     <span class='ocr_line' id='line_1_30' title="bbox 238 2315 1733 2372; baseline -0.005 -12"><span class='ocrx_word' id='word_1_245' title='bbox 238 2338 254 2355; x_wconf 64' lang='lat' dir='ltr'>n</span> <span class='ocrx_word' id='word_1_246' title='bbox 269 2320 364 2360; x_wconf 89' lang='lat' dir='ltr'>viris</span> <span class='ocrx_word' id='word_1_247' title='bbox 398 2321 492 2372; x_wconf 90' lang='lat' dir='ltr'>piis,</span> <span class='ocrx_word' id='word_1_248' title='bbox 531 2319 718 2372; x_wconf 86' lang='lat' dir='ltr'>gravibus</span> <span class='ocrx_word' id='word_1_249' title='bbox 757 2325 798 2358; x_wconf 89' lang='lat' dir='ltr'>et</span> <span class='ocrx_word' id='word_1_250' title='bbox 836 2318 1002 2365; x_wconf 83' lang='lat' dir='ltr'>sanctis,</span> <span class='ocrx_word' id='word_1_251' title='bbox 1038 2329 1159 2369; x_wconf 88' lang='lat' dir='ltr'>penes</span> <span class='ocrx_word' id='word_1_252' title='bbox 1188 2328 1306 2368; x_wconf 89' lang='lat' dir='ltr'>quem</span> <span class='ocrx_word' id='word_1_253' title='bbox 1336 2322 1396 2355; x_wconf 90' lang='lat' dir='ltr'>est</span> <span class='ocrx_word' id='word_1_254' title='bbox 1426 2315 1650 2355; x_wconf 89' lang='lat' dir='ltr'>iurisdictio</span> <span class='ocrx_word' id='word_1_255' title='bbox 1665 2315 1733 2368; x_wconf 69' lang='lat'><strong>⁵).’&#39;</strong></span> 
     </span>
    </p>
   </div>
   <div class='ocr_carea' id='block_1_5' title="bbox 242 2454 1744 2996">
    <p class='ocr_par' dir='ltr' id='par_1_5' title="bbox 242 2454 1744 2612">
     <span class='ocr_line' id='line_1_31' title="bbox 279 2454 1734 2501; baseline -0.004 -9"><span class='ocrx_word' id='word_1_256' title='bbox 279 2460 305 2501; x_wconf 81' lang='lat'>8)</span> <span class='ocrx_word' id='word_1_257' title='bbox 330 2461 437 2492; x_wconf 77' lang='lat' dir='ltr'>Prael.</span> <span class='ocrx_word' id='word_1_258' title='bbox 461 2460 495 2491; x_wconf 78' lang='lat' dir='ltr'>in</span> <span class='ocrx_word' id='word_1_259' title='bbox 519 2459 631 2490; x_wconf 75' lang='lat' dir='ltr'>Ezeeh.</span> <span class='ocrx_word' id='word_1_260' title='bbox 655 2457 718 2489; x_wconf 88' lang='lat' dir='ltr'><strong>III.</strong></span> <span class='ocrx_word' id='word_1_261' title='bbox 743 2457 773 2489; x_wconf 83' lang='lat'>9.</span> <span class='ocrx_word' id='word_1_262' title='bbox 798 2457 835 2489; x_wconf 86' lang='lat' dir='ltr'>cf.</span> <span class='ocrx_word' id='word_1_263' title='bbox 860 2464 1020 2488; x_wconf 81' lang='lat' dir='ltr'><strong>LECHLER.</strong></span> <span class='ocrx_word' id='word_1_264' title='bbox 1057 2456 1165 2488; x_wconf 63' lang='lat' dir='ltr'>Geso-h.</span> <span class='ocrx_word' id='word_1_265' title='bbox 1193 2455 1249 2486; x_wconf 83' lang='lat' dir='ltr'>der</span> <span class='ocrx_word' id='word_1_266' title='bbox 1271 2455 1379 2487; x_wconf 73' lang='lat' dir='ltr'>Presb.</span> <span class='ocrx_word' id='word_1_267' title='bbox 1403 2455 1471 2486; x_wconf 76' lang='lat' dir='ltr'>und</span> <span class='ocrx_word' id='word_1_268' title='bbox 1492 2456 1565 2497; x_wconf 64' lang='lat' dir='ltr'>Syn.</span> <span class='ocrx_word' id='word_1_269' title='bbox 1595 2454 1734 2496; x_wconf 61' lang='lat' dir='ltr'>Veifass.</span> 
     </span>
     <span class='ocr_line' id='line_1_32' title="bbox 242 2510 1744 2554; baseline -0.004 -7"><span class='ocrx_word' id='word_1_270' title='bbox 242 2515 369 2548; x_wconf 86' lang='lat' dir='ltr'>Leiden.</span> <span class='ocrx_word' id='word_1_271' title='bbox 400 2515 495 2546; x_wconf 82' lang='lat'><strong>1854.</strong></span> <span class='ocrx_word' id='word_1_272' title='bbox 524 2515 553 2546; x_wconf 89' lang='lat' dir='ltr'>S.</span> <span class='ocrx_word' id='word_1_273' title='bbox 578 2513 619 2545; x_wconf 76' lang='lat'>32</span> <span class='ocrx_word' id='word_1_274' title='bbox 649 2522 712 2554; x_wconf 88' lang='lat' dir='ltr'>sqq.</span> <span class='ocrx_word' id='word_1_275' title='bbox 743 2512 773 2542; x_wconf 81' lang='lat' dir='ltr'>et</span> <span class='ocrx_word' id='word_1_276' title='bbox 806 2519 841 2543; x_wconf 85' lang='lat' dir='ltr'>M.</span> <span class='ocrx_word' id='word_1_277' title='bbox 872 2519 1012 2542; x_wconf 82' lang='lat' dir='ltr'>GOEBEL.</span> <span class='ocrx_word' id='word_1_278' title='bbox 1047 2511 1154 2543; x_wconf 77' lang='lat' dir='ltr'>Geselz.</span> <span class='ocrx_word' id='word_1_279' title='bbox 1184 2511 1239 2542; x_wconf 80' lang='lat' dir='ltr'>des</span> <span class='ocrx_word' id='word_1_280' title='bbox 1272 2512 1344 2543; x_wconf 77' lang='lat' dir='ltr'>Chr.</span> <span class='ocrx_word' id='word_1_281' title='bbox 1372 2511 1443 2544; x_wconf 80' lang='lat' dir='ltr'>Leb.</span> <span class='ocrx_word' id='word_1_282' title='bbox 1472 2511 1506 2541; x_wconf 74' lang='lat' dir='ltr'>in</span> <span class='ocrx_word' id='word_1_283' title='bbox 1541 2510 1598 2542; x_wconf 81' lang='lat' dir='ltr'>der</span> <span class='ocrx_word' id='word_1_284' title='bbox 1625 2510 1744 2542; x_wconf 47' lang='lat' dir='ltr'>Ehem-⁵</span> 
     </span>
     <span class='ocr_line' id='line_1_33' title="bbox 248 2568 815 2612; baseline -0.007 -10"><span class='ocrx_word' id='word_1_285' title='bbox 248 2570 380 2612; x_wconf 70' lang='lat' dir='ltr'>Westph.</span> <span class='ocrx_word' id='word_1_286' title='bbox 405 2570 532 2602; x_wconf 77' lang='lat' dir='ltr'>Kirehe.</span> <span class='ocrx_word' id='word_1_287' title='bbox 556 2569 584 2601; x_wconf 88' lang='lat' dir='ltr'>I.</span> <span class='ocrx_word' id='word_1_288' title='bbox 608 2569 637 2600; x_wconf 87' lang='lat' dir='ltr'>S.</span> <span class='ocrx_word' id='word_1_289' title='bbox 663 2568 726 2599; x_wconf 81' lang='lat'>293</span> <span class='ocrx_word' id='word_1_290' title='bbox 751 2577 815 2608; x_wconf 84' lang='lat' dir='ltr'>sqq.</span> 
     </span>
    </p>

    <p class='ocr_par' dir='ltr' id='par_1_6' title="bbox 243 2620 1738 2771">
     <span class='ocr_line' id='line_1_34' title="bbox 295 2620 1735 2666; baseline -0.004 -8"><span class='ocrx_word' id='word_1_291' title='bbox 295 2627 320 2666; x_wconf 83' lang='lat'>⁹)</span> <span class='ocrx_word' id='word_1_292' title='bbox 344 2627 391 2657; x_wconf 88' lang='lat' dir='ltr'>De</span> <span class='ocrx_word' id='word_1_293' title='bbox 415 2625 569 2657; x_wconf 82' lang='lat' dir='ltr'>industria</span> <span class='ocrx_word' id='word_1_294' title='bbox 589 2623 739 2656; x_wconf 86' lang='lat' dir='ltr'>vocabulo</span> <span class='ocrx_word' id='word_1_295' title='bbox 770 2621 938 2661; x_wconf 76' lang='lat' dir='ltr'>„ordinis”</span> <span class='ocrx_word' id='word_1_296' title='bbox 962 2621 1098 2659; x_wconf 81' lang='lat' dir='ltr'>utimur,</span> <span class='ocrx_word' id='word_1_297' title='bbox 1121 2622 1158 2652; x_wconf 74' lang='lat' dir='ltr'>ut</span> <span class='ocrx_word' id='word_1_298' title='bbox 1181 2632 1274 2663; x_wconf 88' lang='lat' dir='ltr'>quam</span> <span class='ocrx_word' id='word_1_299' title='bbox 1297 2622 1435 2664; x_wconf 82' lang='lat' dir='ltr'>proxime</span> <span class='ocrx_word' id='word_1_300' title='bbox 1458 2620 1497 2652; x_wconf 86' lang='lat' dir='ltr'>ad</span> <span class='ocrx_word' id='word_1_301' title='bbox 1520 2620 1646 2652; x_wconf 79' lang='lat' dir='ltr'>Calvini</span> <span class='ocrx_word' id='word_1_302' title='bbox 1669 2631 1735 2652; x_wconf 84' lang='lat' dir='ltr'>sen-</span> 
     </span>
     <span class='ocr_line' id='line_1_35' title="bbox 243 2675 1738 2721; baseline -0.004 -8"><span class='ocrx_word' id='word_1_303' title='bbox 243 2681 375 2714; x_wconf 77' lang='lat' dir='ltr'>tentiam</span> <span class='ocrx_word' id='word_1_304' title='bbox 399 2681 590 2714; x_wconf 84' lang='lat' dir='ltr'>accedamus.</span> <span class='ocrx_word' id='word_1_305' title='bbox 637 2678 706 2721; x_wconf 77' lang='lat' dir='ltr'>Quo</span> <span class='ocrx_word' id='word_1_306' title='bbox 737 2678 821 2717; x_wconf 84' lang='lat' dir='ltr'>iure,</span> <span class='ocrx_word' id='word_1_307' title='bbox 847 2678 954 2710; x_wconf 78' lang='lat' dir='ltr'>doceat</span> <span class='ocrx_word' id='word_1_308' title='bbox 981 2676 1064 2708; x_wconf 86' lang='lat' dir='ltr'>idem</span> <span class='ocrx_word' id='word_1_309' title='bbox 1085 2675 1271 2708; x_wconf 83' lang='lat' dir='ltr'>vocabulum</span> <span class='ocrx_word' id='word_1_310' title='bbox 1296 2675 1346 2708; x_wconf 87' lang='lat' dir='ltr'>bis</span> <span class='ocrx_word' id='word_1_311' title='bbox 1372 2677 1407 2708; x_wconf 91' lang='lat' dir='ltr'>in</span> <span class='ocrx_word' id='word_1_312' title='bbox 1433 2676 1491 2708; x_wconf 84' lang='lat' dir='ltr'>hac</span> <span class='ocrx_word' id='word_1_313' title='bbox 1519 2677 1533 2716; x_wconf 59' lang='grc' dir='ltr'><strong>ς</strong></span> <span class='ocrx_word' id='word_1_314' title='bbox 1557 2675 1642 2708; x_wconf 83' lang='lat' dir='ltr'>linea</span> <span class='ocrx_word' id='word_1_315' title='bbox 1669 2676 1738 2707; x_wconf 84' lang='lat' dir='ltr'>sub-</span> 
     </span>
     <span class='ocr_line' id='line_1_36' title="bbox 245 2738 1686 2771; baseline -0.004 -3"><span class='ocrx_word' id='word_1_316' title='bbox 245 2738 399 2768; x_wconf 81' lang='lat' dir='ltr'>notatum.</span> <span class='ocrx_word' id='word_1_317' title='bbox 1682 2766 1686 2771; x_wconf 49' lang='grc'>,</span> 
     </span>
    </p>

    <p class='ocr_par' dir='ltr' id='par_1_7' title="bbox 245 2785 1738 2945">
     <span class='ocr_line' id='line_1_37' title="bbox 299 2785 1738 2832; baseline -0.002 -9"><span class='ocrx_word' id='word_1_318' title='bbox 299 2792 323 2832; x_wconf 85' lang='lat'>¹)</span> <span class='ocrx_word' id='word_1_319' title='bbox 349 2793 425 2824; x_wconf 65' lang='grc' dir='ltr'><em>[πεί.</em></span> <span class='ocrx_word' id='word_1_320' title='bbox 451 2792 505 2824; x_wconf 91' lang='lat' dir='ltr'>IV.</span> <span class='ocrx_word' id='word_1_321' title='bbox 538 2793 567 2824; x_wconf 89' lang='lat'>3.</span> <span class='ocrx_word' id='word_1_322' title='bbox 598 2793 630 2824; x_wconf 83' lang='lat'>4.</span> <span class='ocrx_word' id='word_1_323' title='bbox 663 2791 701 2823; x_wconf 85' lang='lat' dir='ltr'>cf.</span> <span class='ocrx_word' id='word_1_324' title='bbox 731 2789 811 2822; x_wconf 77' lang='lat' dir='ltr'>Vera</span> <span class='ocrx_word' id='word_1_325' title='bbox 834 2789 918 2821; x_wconf 82' lang='lat' dir='ltr'>Eeel.</span> <span class='ocrx_word' id='word_1_326' title='bbox 942 2789 1003 2831; x_wconf 70' lang='lat' dir='ltr'><strong><em>⁷⁰⁶3f·</em></strong></span> <span class='ocrx_word' id='word_1_327' title='bbox 1025 2790 1087 2821; x_wconf 76' lang='lat' dir='ltr'>rat.</span> <span class='ocrx_word' id='word_1_328' title='bbox 1110 2788 1197 2821; x_wconf 88' lang='lat' dir='ltr'>Tom.</span> <span class='ocrx_word' id='word_1_329' title='bbox 1221 2787 1316 2819; x_wconf 90' lang='lat' dir='ltr'><strong>VIII.</strong></span> <span class='ocrx_word' id='word_1_330' title='bbox 1341 2785 1438 2825; x_wconf 82' lang='lat' dir='ltr'>287b‚</span> <span class='ocrx_word' id='word_1_331' title='bbox 1474 2789 1585 2821; x_wconf 87' lang='lat' dir='ltr'>Comm.</span> <span class='ocrx_word' id='word_1_332' title='bbox 1610 2787 1655 2820; x_wconf 76' lang='lat' dir='ltr'>ad</span> <span class='ocrx_word' id='word_1_333' title='bbox 1679 2788 1738 2820; x_wconf 66' lang='lat' dir='ltr'>m.</span> 
     </span>
     <span class='ocr_line' id='line_1_38' title="bbox 246 2842 1735 2885; baseline -0.002 -7"><span class='ocrx_word' id='word_1_334' title='bbox 246 2847 274 2879; x_wconf 90' lang='lat' dir='ltr'>I.</span> <span class='ocrx_word' id='word_1_335' title='bbox 299 2846 328 2878; x_wconf 86' lang='lat'>9.</span> <span class='ocrx_word' id='word_1_336' title='bbox 352 2854 535 2877; x_wconf 76' lang='lat' dir='ltr'><strong>SCHENREL.</strong></span> <span class='ocrx_word' id='word_1_337' title='bbox 560 2856 588 2877; x_wconf 92' lang='lat' dir='ltr'>o.</span> <span class='ocrx_word' id='word_1_338' title='bbox 604 2845 628 2876; x_wconf 89' lang='lat'>1.</span> <span class='ocrx_word' id='word_1_339' title='bbox 645 2844 708 2876; x_wconf 90' lang='lat' dir='ltr'><strong>III.</strong></span> <span class='ocrx_word' id='word_1_340' title='bbox 727 2844 788 2878; x_wconf 76' lang='lat'>227</span> <span class='ocrx_word' id='word_1_341' title='bbox 806 2845 837 2875; x_wconf 84' lang='lat' dir='ltr'>et</span> <span class='ocrx_word' id='word_1_342' title='bbox 861 2843 935 2877; x_wconf 80' lang='lat'><strong>298.</strong></span> <span class='ocrx_word' id='word_1_343' title='bbox 958 2849 1125 2875; x_wconf 73' lang='lat' dir='ltr'><strong>SCHWALB&#39;.</strong></span> <span class='ocrx_word' id='word_1_344' title='bbox 1149 2854 1177 2877; x_wconf 90' lang='lat' dir='ltr'>o.</span> <span class='ocrx_word' id='word_1_345' title='bbox 1194 2842 1216 2883; x_wconf 72' lang='lat'>1,</span> <span class='ocrx_word' id='word_1_346' title='bbox 1241 2854 1271 2885; x_wconf 80' lang='lat' dir='ltr'>p.</span> <span class='ocrx_word' id='word_1_347' title='bbox 1302 2843 1382 2882; x_wconf 82' lang='lat'>136,</span> <span class='ocrx_word' id='word_1_348' title='bbox 1416 2843 1490 2878; x_wconf 84' lang='lat'><strong>137.</strong></span> <span class='ocrx_word' id='word_1_349' title='bbox 1514 2851 1642 2875; x_wconf 80' lang='lat' dir='ltr'><strong>WEBER.</strong></span> <span class='ocrx_word' id='word_1_350' title='bbox 1668 2853 1696 2875; x_wconf 93' lang='grc' dir='ltr'>ο.</span> <span class='ocrx_word' id='word_1_351' title='bbox 1712 2842 1735 2875; x_wconf 95' lang='lat' dir='ltr'>l.</span> 
     </span>
     <span class='ocr_line' id='line_1_39' title="bbox 245 2898 1004 2945; baseline -0.007 -11"><span class='ocrx_word' id='word_1_352' title='bbox 245 2912 276 2943; x_wconf 83' lang='lat' dir='ltr'>p.</span> <span class='ocrx_word' id='word_1_353' title='bbox 300 2901 351 2932; x_wconf 79' lang='lat'>24.</span> <span class='ocrx_word' id='word_1_354' title='bbox 376 2900 532 2931; x_wconf 62' lang='lat' dir='ltr'>Devisuss.</span> <span class='ocrx_word' id='word_1_355' title='bbox 556 2911 584 2932; x_wconf 93' lang='grc' dir='ltr'>ο.</span> <span class='ocrx_word' id='word_1_356' title='bbox 609 2899 630 2932; x_wconf 93' lang='lat' dir='ltr'>l.</span> <span class='ocrx_word' id='word_1_357' title='bbox 654 2910 685 2942; x_wconf 85' lang='lat' dir='ltr'>p.</span> <span class='ocrx_word' id='word_1_358' title='bbox 710 2900 746 2940; x_wconf 88' lang='lat'>6,</span> <span class='ocrx_word' id='word_1_359' title='bbox 772 2898 803 2933; x_wconf 85' lang='lat'>7.</span> <span class='ocrx_word' id='word_1_360' title='bbox 1000 2942 1004 2945; x_wconf 29' lang='grc' dir='ltr'><strong><em>ι</em></strong></span> 
     </span>
    </p>

    <p class='ocr_par' dir='ltr' id='par_1_8' title="bbox 299 2948 1536 2996">
     <span class='ocr_line' id='line_1_40' title="bbox 299 2948 1536 2996; baseline -0.003 -8"><span class='ocrx_word' id='word_1_361' title='bbox 299 2957 325 2996; x_wconf 71' lang='lat'>2)</span> <span class='ocrx_word' id='word_1_362' title='bbox 350 2957 429 2988; x_wconf 65' lang='lat' dir='ltr'>Inst.</span> <span class='ocrx_word' id='word_1_363' title='bbox 452 2955 508 2988; x_wconf 88' lang='lat' dir='ltr'>IV.</span> <span class='ocrx_word' id='word_1_364' title='bbox 533 2955 563 2988; x_wconf 88' lang='lat'>3.</span> <span class='ocrx_word' id='word_1_365' title='bbox 588 2954 617 2986; x_wconf 80' lang='lat'>4.</span> <span class='ocrx_word' id='word_1_366' title='bbox 751 2953 778 2994; x_wconf 78' lang='lat'>³)</span> <span class='ocrx_word' id='word_1_367' title='bbox 805 2953 883 2986; x_wconf 73' lang='lat' dir='ltr'>[nst.</span> <span class='ocrx_word' id='word_1_368' title='bbox 908 2952 962 2986; x_wconf 89' lang='lat' dir='ltr'>IV.</span> <span class='ocrx_word' id='word_1_369' title='bbox 988 2953 1017 2986; x_wconf 88' lang='lat'>3.</span> <span class='ocrx_word' id='word_1_370' title='bbox 1043 2953 1072 2985; x_wconf 86' lang='lat'>8.</span> <span class='ocrx_word' id='word_1_371' title='bbox 1095 2962 1099 2965; x_wconf 93' lang='lat'>·</span> <span class='ocrx_word' id='word_1_372' title='bbox 1198 2953 1232 2994; x_wconf 65' lang='lat'>⁴¹)</span> <span class='ocrx_word' id='word_1_373' title='bbox 1256 2952 1304 2986; x_wconf 89' lang='lat' dir='ltr'>Ib.</span> <span class='ocrx_word' id='word_1_374' title='bbox 1437 2948 1463 2993; x_wconf 83' lang='lat'>⁵)</span> <span class='ocrx_word' id='word_1_375' title='bbox 1488 2952 1536 2985; x_wconf 71' lang='grc' dir='ltr'>ΙΙ).</span> 
     </span>
    </p>
   </div>
  </div>
 </body>
</html>
