1879 3239
853 89 904 128 47

139 236 192 273 6⁰.
233 230 336 270 Unde
371 228 576 278 salutifera
606 226 662 265 vis
689 225 738 263 iis
767 222 950 262 accedat?
979 244 1032 250 —-
1060 236 1094 258 α.
1125 218 1386 269 objective
1417 218 1456 256 in
1487 229 1628 255 arcana

139 301 208 342 scti
252 300 414 352 spiritus
458 298 606 336 virtute
637 301 677 335 et
707 293 878 332 efficacia
909 293 967 331 vis
997 304 1043 330 ea
1072 288 1232 328 residet.
1291 286 1475 325 Testatur
1504 286 1629 323 enim:

134 371 252 409 »sine
283 381 338 420 sp.
368 368 441 406 scti
472 367 620 406 virtute
651 375 780 415 neque
810 362 936 401 hilum
963 365 1206 400 sacramenta
1233 356 1446 408 proficiunt
1464 353 1560 405 30);”
1592 360 1632 392 et

94 470 95 473 η
139 450 332 480 »munere
373 450 443 476 suo
483 443 578 475 tunc
616 434 774 472 demum
812 431 1129 483 perfunguntur‚
1164 426 1231 466 ubi
1262 425 1430 464 interior
1459 423 1524 461 ille
1555 434 1632 459 ma·

141 510 313 562 »gister,
344 508 524 559 spiritus,
554 503 763 544 accesserit
781 500 884 554 ³¹);''
915 500 1021 538 unde
1047 505 1157 537 certo
1183 494 1377 535 affirmare
1403 492 1496 531 licet
1540 490 1635 528 »illa

141 579 254 618 »sore
293 576 449 616 inutilia
488 574 624 617 nobis,
664 571 738 611 nisi
768 569 930 621 spiritus
960 568 1026 606 illa
1058 567 1097 604 in
1128 563 1242 603 nobis
1271 560 1413 602 reddat
1443 557 1636 601 efficacia,

143 655 359 698 »tanquam
389 645 653 683 instrumenta
671 640 753 693 ³2)’'‚
784 639 865 677 sive
892 649 1082 689 mrgana,
1112 633 1257 685 quibus
1287 632 1327 670 in
1357 628 1474 668 corde
1501 632 1637 664 nostro

144 723 361 769 »operatur
377 713 458 767 33)”.
499 735 550 741 --
593 713 628 761 β.
673 707 972 748 subiective
1003 710 1141 744 contra
1172 716 1192 741 a
1223 701 1301 741 fide
1334 698 1461 737 omnis
1490 694 1640 748 pendet

143 791 480 826 sacramentorum
509 780 730 820 efficacitas.
775 777 957 816 Totidem
987 776 1093 815 enim
1123 771 1255 813 verbis
1287 768 1479 808 declarat:
1522 782 1538 800 »
1552 764 1640 803 nul·

145 857 239 894 »lus
268 865 405 893 eorum
435 859 546 891 extra
576 849 695 888 fidem
726 855 786 887 est
816 847 983 886 effeetus
999 843 1086 897 ³⁴¹)‚”
1116 853 1217 894 quae
1247 840 1278 878 si
1310 838 1440 880 abest,
1498 845 1642 874 »aures

146 925 370 963 »duntaxat
399 921 691 974 percelluntur,
721 925 761 956 et
791 916 914 955 oculis
944 914 1225 954 observantur,
1255 907 1448 946 interiora
1479 902 1642 943 minime

148 993 353 1033 »afficiunt
369 990 468 1044 ³⁵);’'
516 995 624 1027 certo
672 987 776 1026 enim
821 985 938 1023 docet
976 994 1048 1020 nos
1087 979 1303 1030 scriptura,
1369 973 1524 1012 »Deum
1563 983 1644 1010 non

149 1062 398 1115 »promiscue
430 1059 506 1097 vim
536 1068 645 1095 suam
672 1065 857 1097 exercere
880 1053 921 1090 in
948 1048 1152 1093 omnibus,
1184 1047 1251 1099 qui
1274 1048 1520 1084 sacramenta
1544 1039 1644 1080 reci·

149 1149 165 1167 »
183 1132 315 1184 piunt,
345 1127 413 1168 sed
444 1132 599 1164 tantum
630 1123 670 1161 in
700 1122 836 1161 electis
852 1120 934 1173 ³⁶).”

202 1199 238 1237 b.
276 1198 331 1236 de
360 1194 583 1245 singulis
613 1189 961 1231 sacramentis.
1005 1205 1040 1226 α.
1070 1187 1128 1225 (1ε
1159 1184 1429 1236 baptismo.
1466 1181 1518 1220 1⁰.
1548 1177 1646 1231 Defi-

149 1263 253 1307 nitio.
297 1265 545 1317 »Baptismus
571 1263 727 1313 signum
758 1266 818 1299 cst
848 1257 1107 1300 initiationis,
1137 1267 1215 1306 quo
1240 1255 1281 1292 in
1307 1250 1505 1291 Ecclesiae
1532 1261 1648 1299 coop-

150 1335 310 1376 »tamur
325 1335 552 1374 societatem
567 1363 575 1377 ‚
600 1338 645 1370 ut
668 1331 825 1370 Christo
846 1329 977 1373 insiti,
1004 1328 1110 1366 inter
1131 1324 1232 1364 filios
1252 1333 1485 1362 censeamur
1501 1318 1582 1372 ³⁷).''
1597 1341 1650 1346 —

150 1407 206 1445 20.
246 1403 433 1456 Baptismi
458 1402 648 1441 elementa.
692 1400 855 1439 Duobus
880 1398 1100 1450 baptismus
1126 1400 1281 1434 constat
1306 1390 1533 1434 elementis,
1562 1400 1649 1428 vcr-

152 1475 223 1519 bo‚
253 1475 334 1514 sive
360 1472 642 1525 promissione,
671 1477 712 1508 ct
738 1470 852 1521 signo
878 1474 1057 1507 externo,
1101 1463 1308 1504 Promissio
1333 1459 1550 1514 spiritualis
1574 1463 1651 1501 est,

153 1544 246 1583 olim
291 1543 361 1581 »in
392 1541 690 1580 circumcisione
721 1538 899 1590 patribus
930 1537 1059 1580 edita,
1098 1547 1198 1586 quae
1238 1534 1279 1572 in
1309 1531 1505 1584 baptismo
1535 1527 1650 1567 nobis

156 1613 302 1651 »datur
319 1611 406 1664 ³⁸)”t
446 1610 515 1648 »in
540 1617 711 1660 utroque
738 1620 790 1646 sc.
816 1612 1062 1647 sacramento
1087 1604 1294 1657 promissio
1323 1614 1402 1641 una
1433 1606 1512 1644 est,
1543 1609 1651 1636 nem-

158 1694 233 1733 »pe
273 1679 343 1718 Dei
382 1678 549 1721 favoris,
587 1675 834 1716 remissionis
881 1681 1152 1726 peccatorum,
1203 1671 1308 1710 vitae
1357 1675 1544 1708 aeternae
1572 1663 1653 1717 ³⁹).’'

160 1749 317 1800 Siqnum
346 1749 386 1787 in
417 1748 610 1798 baptismo
640 1758 739 1797 aqua
771 1751 851 1788 est,
882 1744 922 1781 in
953 1755 1069 1794 quam
1100 1740 1434 1791 submerguntur,
1464 1737 1546 1775 sive
1577 1746 1655 1785 qua

157 1819 450 1870 adsperguntur
476 1815 668 1858 infantes,
694 1813 860 1852 solemni
887 1812 1003 1850 simul
1029 1810 1208 1849 adhibita
1234 1807 1510 1862 enuntiatione
1529 1804 1586 1857 4⁰).
1603 1825 1656 1832 —-

156 1887 210 1925 3⁰.
258 1887 451 1933 Quaenam
494 1882 697 1933 salutifera
738 1881 793 1920 vis
822 1880 855 1919 ei
884 1880 1113 1918 inhaereat?
1142 1901 1195 1907 —
1234 1876 1501 1928 »Adoptionis
1529 1873 1658 1926 gratia

157 1955 396 2007 »praecedat
435 1952 678 2005 Baptismum
716 1962 878 1990 necesse
917 1955 998 1993 est,
1038 1961 1139 1999 quae
1174 1959 1254 1986 non
1284 1944 1473 1985 dimidiae
1502 1949 1659 1983 tantum

159 2025 328 2063 »salutis
367 2035 484 2061 causa
524 2030 605 2066 cst,
644 2020 713 2059 sed
752 2032 838 2059 eam
879 2019 1003 2071 ipsam
1042 2017 1211 2056 salutem
1250 2016 1290 2054 in
1320 2014 1490 2054 solidum
1522 2012 1661 2057 offert,

162 2107 291 2145 »quae
321 2092 466 2132 deinde
497 2091 697 2143 Baptismo
727 2089 904 2130 sancitur
921 2087 1003 2140 4¹).''
1047 2086 1195 2126 Tamen
1221 2085 1304 2136 ipse
1330 2095 1491 2135 quoque
1516 2081 1661 2133 baptis-

159 2176 247 2202 mus
290 2175 405 2201 suum
447 2162 622 2200 fructum
666 2159 803 2203 affert,
848 2164 889 2197 et
926 2157 1033 2195 hunc
1075 2173 1090 2189 »
1104 2155 1296 2208 primum,
1341 2151 1449 2203 quod
1488 2149 1603 2189 nobis
1640 2161 1663 2187 a

161 2232 355 2278 »Domino
394 2231 649 2284 proponitur,
688 2236 733 2267 ut
772 2227 998 2279 symbolum
1038 2225 1089 2264 sit
1127 2229 1288 2263 nostrae
1327 2219 1578 2274 purgationis
1618 2230 1662 2257 ac

202 2438 242 2478 ³⁰)
267 2439 345 2470 Inst.
370 2437 424 2470 IV.
450 2437 500 2469 14.
526 2437 554 2468 9.
689 2433 729 2473 31)
755 2433 803 2466 Ib.

203 2493 242 2534 ³²)
267 2495 360 2526 Brev.
375 2493 437 2535 fid.
462 2492 544 2533 coms.
567 2490 655 2522 Tom.
679 2488 773 2521 VIII.
798 2488 869 2519 alb.
1003 2485 1044 2526 ³³)
1071 2487 1150 2517 Inst.
1175 2483 1230 2516 IV.
1257 2483 1308 2515 14.
1334 2483 1387 2514 10.

203 2548 243 2588 ³⁴)
267 2549 341 2580 Ant.
364 2548 398 2578 iu
421 2546 504 2578 decr.
532 2546 619 2577 Cone.
648 2543 732 2575 Trid.
757 2542 843 2573 Tom.
868 2539 961 2571 VIII.
988 2539 1078 2571 256³.
1214 2538 1255 2577 35)
1285 2538 1360 2568 Inst.
1385 2535 1442 2567 IV.
1467 2534 1518 2566 14.
1545 2534 1574 2565 8.

205 2603 245 2644 3⁶)
274 2604 362 2634 Cons.
387 2604 460 2633 mut.
483 2602 517 2632 in
539 2611 573 2632 re
598 2600 684 2631 Sacr.
709 2598 768 2630 art.
795 2597 845 2627 16.
870 2595 956 2626 Tom.
981 2593 1073 2625 VIII.
1099 2590 1190 2624 649b.
1225 2591 1314 2633 Conf.
1329 2590 1394 2632 fid.
1417 2601 1448 2620 η.
1474 2588 1558 2620 Εοοῑ.
1586 2586 1670 2618 Gall.

168 2657 255 2689 Tom.
288 2655 362 2688 IXb.
394 2655 482 2687 25521.
513 2655 549 2686 cf.
581 2660 753 2685 SGHENKEL
787 2650 853 2682 o.l.
882 2649 909 2681 I.
940 2650 969 2681 S.
1002 2649 1066 2680 430
1091 2658 1156 2690 sqq.
1185 2655 1318 2678 smvnn.
1350 2635 1453 2678 E'tude
1475 2654 1532 2676 sur
1561 2642 1669 2674 Calvia

167 2709 295 2754 άάῃνὲε
317 2712 363 2743 les
386 2711 495 2741 lettres
509 2709 708 2752 franqaises.
732 2704 848 2739 Strasb.
875 2704 970 2738 1857.
994 2714 1025 2745 p.
1051 2703 1103 2735 14.

206 2766 246 2807 ³7)
273 2767 350 2797 Inst.
376 2765 430 2797 IV.
457 2764 508 2796 15.
534 2764 564 2797 1.
697 2760 737 2802 ³⁸)
766 2761 846 2792 Inst.
872 2758 926 2790 IV.
953 2758 1005 2789 16.
1035 2757 1066 2789 3.

206 2821 247 2861 3⁹)
277 2821 351 2852 lust.
376 2818 431 2851 IV.
456 2818 507 2850 16.
532 2819 562 2849 4.
589 2818 697 2849 Oomm.
722 2815 767 2847 ad
793 2814 854 2846 Col.
880 2813 924 2845 Π.
949 2813 1001 2844 12.
1026 2815 1057 2843 et
1081 2811 1125 2843 ad
1149 2811 1209 2843 Tit.
1234 2809 1298 2841 111.
1324 2810 1354 2841 5.

208 2876 249 2916 40)
275 2874 322 2908 Cf.
346 2874 465 2915 Dibury.
494 2875 569 2905 Gen.
594 2871 655 2913 Op.
679 2870 768 2902 Tom.
791 2868 884 2901 VIII.
907 2878 938 2909 p.
964 2868 1016 2899 33.
1042 2869 1073 2898 et
1097 2866 1176 2898 Just.
1201 2865 1257 2897 IV.
1283 2865 1335 2897 15.
1360 2864 1390 2895 6.

208 2931 249 2971 ⁴¹)
280 2931 361 2964 Vera
383 2928 465 2961 Eccl.
488 2926 550 2969 res.
572 2929 634 2959 rat.
658 2926 746 2959 Tom.
770 2923 863 2956 VIII.
888 2933 917 2965 p.
944 2921 1038 2955 300b.
1062 2924 1094 2953 et
1118 2922 1197 2953 [nst.
1223 2919 1278 2954 IV.
1304 2920 1357 2952 15.
1382 2918 1434 2950 11.
