1849 3239
847 93 894 132 59

130 236 248 262 »nem
287 230 522 275 potestatem
559 224 659 264 Filio
699 237 790 269 suo,
830 231 873 263 ut
904 238 973 277 per
1003 225 1086 263 cius
1115 237 1255 264 manus
1293 238 1365 264 nos
1400 227 1619 277 gubernet,

130 293 308 337 »foveat,
348 300 565 338 sustentet,
605 294 677 332 sub
707 294 792 332 eius
824 295 946 332 tutela
977 306 1048 333 nos
1078 301 1282 345 protegat,
1321 294 1513 345 nobisque
1554 308 1618 333 au-

129 362 318 400 »xilietur
342 362 430 413 2⁵³).''
488 362 668 401 Christus
708 363 830 414 igitur
883 364 1071 402 »unicum
1110 370 1227 414 caput
1272 369 1351 407 est,
1396 363 1469 401 sub
1508 365 1620 403 cuius

128 431 377 482 »principatu
408 443 544 470 omnes
573 432 678 470 inter
702 445 773 470 nos
798 432 1055 471 cohaeremus
1080 432 1296 471 secundum
1323 443 1414 470 eum
1439 432 1619 471 ordinem

127 506 197 538 »et
227 512 310 538 eam
338 500 496 552 politiae
523 501 705 545 sormam,
736 514 854 552 quam
879 502 960 553 ipse
987 502 1239 553 praescripsit
1265 500 1360 553 ³⁰);''
1392 513 1483 539 nam
1523 501 1618 539 »ille

128 581 311 620 »semper
340 576 474 609 manet
504 582 709 622 supremus
748 571 887 609 doctor
926 578 965 609 et
1000 572 1106 610 solus
1135 570 1333 609 Ecclesiae
1364 582 1457 608 suae
1489 568 1618 607 Domi-

128 655 142 672 »
157 651 247 683 nus,
277 638 388 677 cuius
419 639 536 677 unius
565 651 640 678 vox
670 640 856 679 audiatur
876 640 965 689 31).”
1023 639 1118 678 Eius
1147 652 1305 691 quoque
1335 651 1504 691 regnum
1534 645 1620 677 tum

126 709 351 747 universam
380 708 616 754 Ecclesiam,
646 716 731 748 tum
760 711 936 762 singulos
966 710 1051 748 eius
1081 711 1207 749 socios
1233 717 1394 761 spectat.
1439 707 1619 747 Christus

125 777 322 817 universae
350 777 542 817 Ecclesiae
571 786 748 830 praeest,
777 792 868 818 nam
913 791 1105 818 »ascensu
1135 791 1206 817 suo
1232 779 1392 830 quidem
1422 777 1618 818 visibilem

127 848 216 886 »vsui
257 848 517 899 praesentiam
558 848 672 886 nobis
712 848 895 892 abstulit,
935 848 1138 888 adsccndit
1173 855 1327 892 tamen,
1357 854 1401 886 ut
1435 847 1619 899 impleret

128 917 308 961 »omnia;
351 930 456 956 nunc
486 917 609 969 igitur
639 930 730 956 eum
760 917 887 956 adhuc
916 924 1166 968 praesentem
1197 917 1317 955 habet
1351 916 1548 960 Ecclesia,
1578 921 1619 953 et

128 999 311 1037 »semper
340 985 523 1024 habitura
553 992 612 1024 est
639 986 727 1038 32).”
786 984 899 1029 Quod
928 985 1032 1023 enim
1063 985 1202 1022 sedere
1232 984 1379 1023 dicitur
1412 984 1461 1022 ad
1491 983 1619 1022 Patris

127 1055 354 1099 dexteram,
398 1054 662 1093 »tantundem
700 1054 741 1092 id
780 1054 904 1097 valet,
948 1053 1026 1091 acsi
1067 1059 1231 1091 vocetur
1274 1052 1401 1091 Patris
1441 1053 1619 1104 legatus,

128 1137 275 1176 »penes
313 1136 430 1175 quem
469 1124 519 1162 sit
551 1129 631 1161 tota
662 1123 817 1174 imperii
846 1128 1034 1173 potestas:
1076 1123 1166 1173 quia
1198 1121 1303 1161 Deus
1332 1122 1504 1160 mediate
1535 1122 1619 1160 vult

127 1192 196 1230 »in
225 1191 310 1229 eius
338 1203 504 1242 persona
534 1189 748 1229 Ecclesiam
780 1203 919 1242 regere
950 1204 993 1229 ac
1026 1191 1128 1229 tueri
1155 1191 1243 1243 ³³).’'
1304 1189 1415 1229 »Hoc
1444 1191 1529 1229 eius
1559 1203 1620 1228 re·

126 1277 141 1293 »
155 1263 275 1311 gnum
316 1270 387 1296 nec
422 1258 596 1296 locorum
627 1258 718 1296 ullis
748 1258 885 1310 spatiis
915 1259 1149 1303 limitatum,
1188 1272 1260 1297 nec
1288 1259 1379 1298 ullis
1409 1259 1619 1298 dimensio-

73 1369 76 1371 *
125 1327 270 1367 »nibus
300 1327 659 1378 circumscriptum,
691 1327 786 1378 quin
815 1328 1005 1366 virtutem
1036 1340 1168 1373 suam,
1208 1328 1434 1380 ubicunque
1465 1328 1618 1379 placue-

124 1413 139 1430 »
153 1397 225 1441 rit,
255 1397 295 1434 in
324 1396 434 1434 coelo
464 1402 504 1434 et
534 1396 574 1433 in
607 1402 712 1434 terra
742 1403 899 1435 exserat
921 1396 1018 1448 3'¹);⁷⁷
1050 1397 1155 1448 quod
1186 1410 1232 1436 eo
1263 1410 1387 1448 usque
1418 1397 1543 1441 valet,
1574 1403 1619 1435 ut

123 1478 285 1504 »rerum
325 1465 500 1503 omnium
539 1466 838 1504 conversionem
879 1479 899 1503 a
939 1465 1096 1505 Christo
1114 1466 1211 1514 ‘fieri
1242 1479 1354 1518 posse
1380 1467 1475 1514 ³⁵)‚’'
1512 1466 1619 1504 ultro

122 1536 296 1574 fateatur
325 1534 520 1573 Calvinus.
566 1534 669 1573 Haec
692 1541 823 1574 autem
851 1548 1003 1574 summa
1028 1536 1068 1574 in
1094 1535 1264 1575 Ecclesia
1291 1537 1469 1588 potentia
1500 1542 1619 1587 atque

124 1604 337 1642 auctoritas
363 1604 580 1643 incolumes
604 1603 760 1642 Christo
785 1604 1007 1644 remanebit
1033 1617 1157 1657 usque
1182 1606 1230 1644 ad
1257 1606 1362 1644 diem
1378 1617 1619 1657 supremum.

126 1672 234 1711 Tunc
263 1673 389 1716 enim,
434 1686 583 1724 »quum
616 1674 745 1712 omnia
775 1674 816 1712 in
846 1674 995 1712 iustum
1025 1687 1069 1713 ac
1098 1675 1358 1726 tranquillum
1387 1681 1535 1714 statum
1560 1688 1618 1714 re-

126 1743 280 1794 »posita
311 1748 449 1786 erunt,
480 1742 607 1781 aderit
636 1743 735 1781 illud
767 1749 941 1795 tempus,
974 1756 1052 1795 quo
1083 1744 1214 1783 tradat
1246 1744 1426 1783 Christus
1451 1757 1619 1797 regnum

126 1812 259 1850 »Patri
287 1810 378 1862 3‘³)‚''
409 1819 528 1862 atque
574 1812 774 1863 »impletis
800 1812 945 1851 Christi
976 1813 1155 1864 partibus
1185 1814 1225 1852 in
1257 1813 1454 1862 Ecclesiae
1484 1814 1619 1852 desen-

124 1882 260 1919 »sione
300 1879 404 1919 Deus
437 1893 507 1931 per
537 1892 578 1918 se
609 1879 677 1918 fiat
710 1881 871 1920 unicum
900 1880 1102 1926 Ecclesiae
1132 1890 1250 1935 caput
1275 1884 1363 1935 ³⁷).''
1394 1906 1446 1912 —
1474 1882 1532 1922 Ita
1562 1889 1618 1922 ta-

122 1963 213 1990 men
244 1951 469 1993 universam
500 1948 601 1988 Eccl.
632 1950 737 2002 regit
767 1949 966 1996 Christus,
997 1958 1041 1990 ut
1072 1953 1189 1991 simul
1221 1953 1262 1991 in
1287 1952 1455 2003 sinqulos
1479 1966 1620 2004 quoquc

122 2019 250 2071 fideles
289 2019 478 2058 virtutem
508 2031 619 2057 suam
649 2026 816 2059 exserat.
874 2019 1034 2062 Etenim
1077 2023 1187 2060 »suis
1216 2035 1370 2075 semper
1400 2023 1532 2068 adest,
1564 2023 1618 2061 vi-

123 2096 232 2127 »tam
272 2088 364 2140 ipsis
395 2101 512 2127 suam*
541 2089 739 2140 inspirans
769 2090 808 2128 in
840 2090 888 2128 iis
918 2090 1038 2135 vivit,
1068 2103 1136 2130 eos
1167 2092 1359 2136 sustinet,
1388 2091 1618 2137 confirmat,

124 2175 139 2191 »
153 2165 333 2210 vegetat,
372 2165 581 2198 conservat
611 2160 847 2203 incolumes,
888 2172 969 2198 non
999 2173 1110 2199 secus
1141 2162 1218 2200 acsi
1248 2174 1412 2214 corpore
1443 2161 1617 2200 adesset:

123 2228 246 2279 »quin
283 2228 456 2280 denique
496 2241 566 2268 suo
605 2230 727 2280 ipsius
765 2241 929 2280 corpore
960 2242 1027 2268 eos
1057 2231 1202 2281 pascit,
1237 2232 1348 2270 cuius
1376 2230 1618 2270 communio-

123 2311 242 2337 »nem
273 2299 436 2350 spiritus
462 2299 521 2337 sui
547 2299 697 2338 virtute
723 2299 762 2337 in
788 2311 855 2337 eos
881 2300 1125 2338 transfundit
1143 2300 1232 2353 ³⁸),”
1264 2307 1308 2339 ut
1333 2300 1443 2340 brevi
1470 2300 1618 2344 dicam,

159 2485 199 2524 2⁹)
226 2485 304 2517 Just.
329 2486 372 2518 II.
399 2486 449 2517 15.
476 2485 505 2517 5.
531 2486 568 2518 cf.
594 2486 638 2518 lI.
666 2486 715 2517 15.
741 2487 771 2517 3.
798 2486 908 2519 Comm.
933 2488 977 2518 ad
1002 2487 1016 2518 1
1046 2488 1095 2520 Co.
1120 2488 1186 2520 XV.
1211 2489 1266 2527 23,
1294 2488 1344 2521 28.

158 2540 199 2580 3⁰)
225 2541 304 2572 Inst.
328 2541 382 2572 IV.
408 2541 437 2571 6.
463 2541 492 2573 9.

159 2595 200 2635 ³¹)
226 2596 319 2627 Brev.
334 2595 396 2637 fid.
421 2596 502 2638 conf.
516 2596 616 2638 form.
642 2595 729 2628 Tem.
756 2596 846 2627 VIII.
871 2596 941 2630 911³.
965 2598 1002 2629 cs.
1031 2598 1143 2632 Comm.
1169 2599 1185 2629 1
1215 2600 1265 2631 Co.
1290 2599 1353 2632 III.
1378 2599 1429 2631 22³.

159 2650 199 2689 3²)
228 2652 304 2681 [nst.
330 2651 384 2681 IV.
411 2652 440 2682 6.
466 2651 517 2682 10.
541 2652 578 2683 cf.
605 2652 648 2684 11.
675 2653 727 2683 15.
754 2653 771 2684 3
797 2654 828 2684 et
855 2653 964 2685 Comm.
988 2654 1034 2686 ad
1053 2655 1131 2696 Epa.
1158 2655 1186 2686 1.
1212 2654 1263 2687 22.

158 2706 199 2745 ³³)
225 2706 304 2737 Inst.
329 2705 374 2737 II.
400 2707 452 2738 15.
478 2707 506 2738 5.
532 2707 569 2738 cs.
594 2707 648 2739 IV.
676 2708 728 2742 17.
756 2708 806 2740 18.

157 2760 198 2800 ³⁴)
227 2763 303 2792 [nst.
327 2761 382 2794 IV.
408 2761 460 2795 17.
486 2763 537 2795 18.
562 2763 598 2795 cf.
625 2764 720 2796 lustr.
745 2763 816 2795 adt).
841 2763 940 2796 Anah.
965 2763 1051 2796 Tom.
1076 2764 1168 2795 VIII.
1193 2763 1285 2797 366¹).

157 2814 197 2854 35)
230 2815 310 2846 Vera
334 2815 415 2848 Eccl.
439 2816 500 2858 ref.
523 2819 584 2849 rat.
608 2817 694 2849 Tom.
719 2818 812 2850 VIII.
837 2817 929 2850 282b.
1063 2819 1103 2859 36)
1132 2820 1244 2852 Comm.
1267 2820 1313 2852 ad
1335 2820 1351 2852 1
1380 2821 1431 2853 Co.
1457 2820 1521 2853 XV.
1547 2820 1600 2853 25.

157 2867 198 2907 37)
223 2871 302 2900 Jnsl.
328 2870 373 2901 ΙΙ.
398 2871 450 2904 15.
476 2872 504 2903 5.
531 2872 567 2904 cf.
593 2873 700 2906 Prael.
725 2873 765 2905 35
790 2874 823 2905 in
847 2873 929 2910 Dum.
954 2873 1040 2905 Tom.
1067 2873 1102 2905 V.
1129 2873 1220 2908 107b.

157 2923 196 2964 38)
224 2926 303 2958 Inst.
328 2924 382 2958 IV.
409 2926 459 2961 17.
488 2927 537 2960 18.
562 2927 600 2959 cf.
625 2928 731 2961 Pnael.
756 2928 799 2960 II.
823 2930 856 2961 ὑπ
879 2929 962 2965 Dan.
986 2929 1074 2962 Tom.
1100 2929 1135 2962 V.
1161 2928 1232 2962 33¹³.
