1879 3239
974 74 1025 112 32

247 227 263 245 n
277 222 367 249 cere
407 208 625 261 praedicari
665 214 704 247 et
745 207 894 251 audiri,
933 206 1002 245 ubi
1031 212 1277 246 sacramenta
1306 219 1355 245 ex
1385 206 1529 247 Christi
1557 209 1744 248 instituto

247 278 546 317 »administrari
585 277 786 321 videmus,
824 277 904 314 illic
944 276 1116 327 aliquam
1155 275 1225 315 Dei
1255 275 1470 316 Ecclesiam
1499 290 1605 323 esse,
1634 279 1744 317 nullo

246 348 393 386 »modo
431 347 713 399 ambigendum
752 352 811 384 est
842 344 905 397 3).''
964 344 1078 390 Quod
1116 352 1260 397 tamen·
1281 346 1394 391 dicit,
1431 360 1602 399 »purum
1632 347 1745 387 verbi

246 417 542 456 »ministerium
580 423 621 455 et
659 427 801 467 purum
841 415 880 453 in
922 416 1178 454 sacramentis
1213 415 1462 454 celebrandis
1489 417 1632 462 ritum,
1662 417 1759 456 ido--

246 499 394 525 »neum
425 498 510 524 esse
541 485 685 536 pignus
711 490 751 522 et
777 482 1063 529 arrhabonem,
1093 491 1137 523 ut
1165 492 1251 523 tuto
1276 486 1470 536 possimus
1495 487 1745 532 societatem,

245 572 261 590 >2
275 556 316 594 in
346 568 422 606 qua
438 561 654 604 utrumque
673 552 895 598 exstiterit,
920 566 992 605 pro
1017 553 1192 592 Ecclesia
1218 555 1451 606 amplexari;
1482 568 1606 607 usque
1633 569 1680 595 eo
1704 556 1745 594 id

245 625 402 668 »valct,
443 630 486 661 ut
526 634 721 672 nusquam
762 621 984 661 abiicienda
1015 623 1085 667 sit,
1123 623 1299 674 quandiu
1328 625 1369 662 in
1399 624 1475 662 illis
1504 623 1744 676 perstiterit,

245 692 428 731 »etiamsi
472 691 608 729 multis
657 691 805 742 alioqui
849 691 957 730 vitiis
998 698 1144 730 scateat
1175 692 1238 745 ¹¹).’'
1295 692 1413 731 Videt
1452 695 1744 746 unusquisque,

243 774 361 813 quam
392 760 553 812 egregie
583 759 648 797 hic
679 772 836 811 quoque
868 767 1003 799 nostra
1039 760 1300 800 confirmetur
1325 762 1509 806 assertio,
1540 747 1744 802 ecelesiam

242 830 392 869 Calvini
431 836 577 867 natura
614 841 683 867 sua
719 829 980 868 doctrinalem
1010 831 1159 881 potius,
1199 843 1315 881 quam
1346 832 1533 870 moralem
1565 845 1648 871 6556
1677 833 1744 871 ha-

241 900 422 939 bendam.
469 898 519 938 Ut
549 897 722 937 Ecclesia
754 899 874 943 adsit,
905 899 1136 951 incorrupta
1162 900 1382 950 requiritur
1407 901 1611 940 doctrinae
1636 916 1745 954 prae-

240 969 386 1007 dicatio
417 974 457 1007 et
486 980 609 1019 purus
640 966 709 1006 Dei
741 968 893 1012 cultus,
924 985 939 1002 »
953 969 993 1006 in
1025 968 1128 1007 vitae
1160 975 1292 1007 autem
1324 970 1622 1021 imperfectione
1648 973 1745 1010 tole-

243 1037 397 1076 »randa
427 1038 554 1076 multo
584 1037 744 1088 longius
773 1038 989 1089 procedere
1020 1038 1270 1090 indulgentia
1296 1046 1430 1077 nostra
1458 1040 1577 1078 debet
1604 1040 1674 1093 5),”
1704 1041 1746 1079 in

240 1107 384 1159 quibus
415 1107 547 1146 verbis
578 1106 781 1145 doctrinae
814 1107 1036 1158 puritatem*
1059 1108 1260 1146 sanctitati
1300 1121 1454 1147 morum
1495 1110 1746 1161 aliquatenus

240 1178 380 1215 saltem
413 1177 623 1228 anteponi,
661 1176 916 1215 manifestum
948 1184 1018 1215 est.
1079 1177 1202 1222 Quam
1234 1179 1474 1217 sententiam
1504 1180 1544 1217 in
1575 1192 1620 1218 co
1651 1193 1745 1231 quo·

240 1259 316 1298 que
357 1245 716 1298 deprehendimus,
746 1246 853 1297 quod
883 1246 1026 1285 nullibi
1058 1247 1161 1298 apud
1192 1254 1371 1285 nostrum
1402 1240 1628 1299 ιῖἱεείρῖὶφῖαθ
1656 1261 1747 1287 usu-s

239 1316 345 1355 inter
371 1314 569 1353 Ecclesiae
595 1321 710 1353 notas
737 1322 1010 1360 recenseatur;
1041 1328 1132 1354 nam
1177 1316 1234 1353 »si
1260 1315 1325 1353 hic
1352 1315 1449 1354 ordo
1475 1317 1591 1354 alicui
1614 1316 1745 1356 Eccle-

241 1386 350 1424 »siae
376 1385 501 1429 desit,
527 1384 864 1436 imperfectiorem
890 1397 976 1423 eain
1003 1391 1043 1423 et
1069 1387 1187 1436 prava
1212 1385 1367 1423 macula
1393 1392 1570 1423 notatam
1589 1398 1674 1424 esse
1692 1385 1745 1439 ⁶)''

240 1455 441 1499 concedit,
473 1455 571 1493 »sed
602 1467 680 1493 non
713 1467 760 1493 eo
793 1455 925 1493 minus
951 1467 1021 1505 pro
1047 1455 1211 1493 ecclesia
1233 1454 1643 1506 ipsamhabemlamac
1660 1468 1746 1507 per-

242 1525 451 1564 sistendum
490 1538 573 1563 esse
614 1525 654 1563 in
696 1525 782 1563 eius
821 1524 1101 1562 communione
1127 1523 1180 1575 ὅγ’
1220 1525 1372 1563 statuit.
1429 1523 1478 1562 Et
1509 1537 1601 1563 sanc
1633 1531 1745 1563 extra

243 1594 553 1633 controversiam
584 1594 677 1646 poni
708 1600 860 1645 potest,
891 1605 969 1631 non
1002 1599 1158 1630 tantum
1189 1593 1459 1644 praecipuam,
1490 1594 1559 1632 sed
1590 1594 1747 1631 unicam

243 1663 326 1702 fere
366 1670 522 1708 notam,
566 1677 641 1714 qua
682 1663 891 1714 insignivit
930 1661 1144 1700 Ecclesiam
1185 1661 1390 1707 Calvinus,
1429 1662 1623 1700 doetrinae
1661 1674 1746 1701 csse

244 1733 600 1786 praedicationem;
633 1733 809 1784 apertius
835 1732 963 1776 enim,
994 1744 1110 1783 quam
1137 1744 1227 1775 nos,
1260 1744 1370 1770 suam
1397 1732 1479 1783 ipse
1506 1732 1747 1770 sententiam

243 1802 306 1841 his
346 1802 478 1841 verbis
514 1803 693 1840 elocutus
732 1808 810 1840 cst:
866 1800 1001 1853 »Ergo
1042 1800 1268 1851 ubicunque
1307 1808 1493 1852 personat
1534 1814 1631 1852 pura
1671 1813 1748 1840 vox

246 1871 504 1923 »Euangelii‚
534 1871 603 1909 ubi
635 1871 675 1909 in
706 1871 792 1910 eius
823 1870 1066 1922 professione
1095 1876 1258 1908 manent
1288 1869 1489 1914 homines,
1518 1870 1587 1908 ubi
1617 1870 1657 1908 in
1688 1882 1747 1908 or-

246 1940 431 1979 »dinario
476 1941 563 1979 eius
610 1940 750 1979 auditu
790 1940 838 1979 ad
878 1940 1098 1992 profectum
1138 1952 1178 1978 se
1219 1946 1425 1983 exercent,
1464 1939 1544 1977 illic
1583 1939 1747 1977 indubie

246 2009 450 2048 »Ecclesia
500 2016 559 2048 est
577 2041 689 2048 .....
757 2009 829 2048 Hic
874 2010 979 2048 enim
1023 2010 1101 2048 erit
1145 2008 1296 2047 status”
1336 2008 1509 2061 (nostrae
1558 2020 1608 2046 sc.
1657 2020 1746 2046 cum

246 2078 561 2118 Romanensibus
592 2079 923 2130 controversiae):
981 2079 1062 2117 »An
1093 2078 1298 2117 doctrinae
1328 2079 1543 2130 puritatem
1573 2078 1748 2117 retinue-

247 2166 262 2183 »
277 2149 378 2193 rint,
409 2162 429 2187 a
459 2162 537 2200 qua
566 2162 646 2187 non
676 2149 808 2187 minus
838 2149 974 2200 procul
1005 2148 1172 2192 absunt,
1202 2161 1318 2199 quam
1350 2148 1466 2186 inseri
1497 2161 1516 2186 a
1547 2149 1747 2187 coelo.

248 2217 394 2257 »Nobis
420 2225 571 2263 tamen,
602 2225 647 2256 ut
673 2218 774 2262 dixi,
805 2219 963 2256 inanem
990 2219 1105 2256 istam
1131 2218 1280 2256 larvam
1306 2218 1467 2269 impune
1493 2225 1749 2256 contemnere

248 2288 432 2332 »licebit;
463 2288 788 2340 quandoquidem
820 2287 882 2340 Sp.
915 2286 1030 2326 Setus
1059 2287 1318 2339 pronunciat,
1348 2286 1395 2325 ab
1425 2286 1496 2324 hac
1525 2290 1613 2324 nota
1638 2298 1748 2338 prae-

300 2476 326 2515 3)
352 2476 430 2508 Inst.
448 2475 502 2508 IV.
528 2476 557 2507 l.
583 2476 612 2507 9.
637 2475 675 2507 cf.
699 2475 742 2507 ib.
766 2475 821 2507 IV.
846 2475 875 2509 7.
901 2475 930 2512 8,
956 2475 985 2507 9.

302 2530 327 2570 ¹³)
352 2532 430 2563 [nst.
462 2531 517 2563 IV.
550 2532 578 2563 1.
605 2531 656 2562 12.
686 2531 724 2563 cf.
754 2539 902 2563 HANsnn.
928 2529 995 2562 0.1.
1018 2539 1048 2570 p.
1074 2528 1125 2560 88.
1156 2530 1399 2559 MiiNcHMEYER.
1424 2527 1490 2560 0.1.
1518 2538 1549 2569 p.
1574 2529 1647 2560 148.
1672 2538 1748 2560 con-

248 2585 359 2618 mium.
384 2597 411 2618 ο.
428 2585 449 2619 1.
472 2597 502 2628 p.
527 2587 558 2621 7.
575 2595 703 2618 wnmzn.
726 2585 792 2619 ο.1.
816 2595 846 2627 p.
868 2585 918 2616 23.
943 2592 1109 2615 scuwALB.
1135 2593 1163 2613 0.
1179 2582 1201 2614 l.
1224 2593 1255 2624 p.
1275 2582 1335 2613 132
1359 2584 1390 2613 et
1411 2583 1558 2613 DE'VJSME
1582 2594 1609 2614 o.
1625 2582 1646 2614 l.
1671 2594 1701 2625 p.
1721 2585 1749 2615 5.

301 2641 326 2680 5)
353 2642 431 2673 [nst.
456 2641 511 2673 IV.
538 2642 567 2674 1.
594 2643 646 2674 13.
672 2642 710 2674 cf.
736 2644 832 2674 Instr.
857 2640 928 2673 adv.
953 2641 1108 2682 Anabapt.
1133 2639 1221 2671 Tom.
1245 2639 1336 2673 VIII,
1362 2650 1391 2681 p.
1418 2639 1491 2672 359.
1514 2642 1544 2671 et
1567 2648 1747 2672 SCHENKEL.

252 2707 279 2729 ο.
296 2696 319 2728 1.
343 2696 407 2729 III.
433 2708 463 2739 p.
489 2697 563 2730 229.

302 2751 327 2791 ⁶)
356 2753 452 2784 [κείν.
483 2752 553 2784 adv.
584 2752 741 2794 Anabapt.
771 2752 859 2782 Tom.
892 2750 983 2782 VIII.
1020 2749 1112 2782 359¹).
1149 2750 1186 2782 ef.
1222 2751 1254 2781 et
1291 2749 1387 2788 360b;
1424 2751 1503 2781 Just.
1536 2750 1590 2781 IV.
1623 2751 1672 2783 12.
1699 2745 1750 2782 11'.

249 2807 379 2839 Erravit
403 2806 505 2847 igitur
528 2806 574 2838 Cl.
593 2815 696 2845 HASE,
721 2806 775 2848 qui
793 2806 908 2838 diserte
924 2806 1087 2837 annotavit
1107 2805 1140 2836 in
1167 2805 1239 2841 „Eia
1266 2804 1463 2847 Doqmatikf'
1481 2805 1527 2838 ed.
1552 2807 1595 2838 5².
1620 2806 1649 2837 S.
1671 2805 1750 2837 345:

252 2861 344 2899 „und
365 2862 447 2893 nach
471 2862 685 2893 Calo-macher
709 2860 938 2893 Besonderheit
962 2872 1004 2892 an
1036 2861 1092 2892 der
1121 2861 1264 2892 rechten'
1281 2859 1546 2893 Kirclzenzuchtf’
1586 2861 1655 2902 Ipse
1679 2860 1750 2892 nul-

251 2916 319 2948 lum
346 2927 362 2947 e
390 2915 478 2948 Calv.
503 2925 561 2949 scr.
587 2916 700 2949 citavit
723 2915 844 2956 locum,
868 2916 922 2948 scd
944 2917 1094 2958 provocat
1117 2914 1155 2952 ad
1178 2917 1240 2947 art.
1265 2915 1317 2948 29.
1344 2915 1436 2957 Conf.
1459 2916 1548 2957 Bely.
