1879 3239
878 76 929 115 13

596 225 624 279 §5
652 227 688 265 2.
746 224 942 264 Ecclesiae
970 223 1215 276 definitiones.

207 349 406 389 Ecclesiae
450 349 705 388 definitiones
748 349 925 400 potiores
968 349 1009 386 in
1053 346 1204 386 Calvini
1244 345 1400 396 scriptis
1441 350 1657 383 occurrunt

155 427 385 471 sequentes:

208 490 242 527 4.
299 488 469 540 Roganti
499 489 540 526 in
566 486 827 526 catechismo:
864 487 991 538 »quid
1022 492 1081 525 est
1105 483 1340 523 Ecclesia?’'
1370 483 1653 535 respondetur:

153 571 324 610 »corpus
368 572 411 597 ac
454 558 620 597 societas
664 557 864 601 fidelium,
909 569 1008 607 quos
1052 555 1156 594 Deus
1201 555 1249 593 ad
1289 554 1411 593 vitam
1451 559 1656 591 aeternam

154 627 493 679 »praedestinavit
522 627 586 680 ¹).''

205 697 241 734 2.
301 696 475 735 Ecclesia
520 703 580 735 est
610 707 751 748 corpus
778 708 936 739 00111111,
975 695 1042 745 qui
1100 707 1151 732 »a
1186 693 1268 732 Deo
1299 692 1416 730 electi
1448 702 1585 729 omnes
1615 690 1656 728 in

154 765 340 804 »Christo
379 767 548 804 connexi
589 773 701 810 sunt,
743 772 786 803 ut
826 764 1160 816 quemadmodum
1201 763 1250 801 ab
1292 775 1370 800 uno
1404 761 1532 812 capite
1563 771 1655 811 pen-

153 835 298 879 »dcnt‚
328 835 382 873 ita
413 835 454 873 in
485 848 608 873 unum
639 836 749 873 velut
779 847 920 886 corpus
949 835 1193 875 coalescant,
1220 845 1264 870 ea
1282 832 1388 869 inter
1405 843 1445 868 se
1468 840 1656 880 compage

153 920 169 938 11
182 904 464 949 cohaerentes,
503 917 580 956 qua
615 904 794 942 eiusdem
833 903 1008 954 corporis
1037 901 1230 940 membra:
1261 912 1354 939 vere
1386 912 1510 938 unum
1541 898 1656 942 sacti,

154 975 248 1025 »qui
279 987 357 1012 une
389 973 487 1018 fide,
513 986 600 1026 spe,
627 973 839 1016 charitate,
866 972 1005 1010 codem
1032 970 1101 1008 Dei
1129 970 1273 1021 spiritu
1291 969 1409 1007 simul
1427 969 1569 1007 vivunt
1592 966 1656 1019 2).”

207 1044 241 1082 3.
298 1043 472 1081 Ecclesia
509 1042 775 1081 »universalis
810 1047 869 1093 est
899 1040 1106 1078 hominum
1136 1038 1353 1076 multitudo
1385 1038 1425 1076 in
1459 1037 1554 1075 orbe
1585 1036 1657 1075 dif-

154 1113 286 1156 >›susa,
316 1125 415 1163 quae
447 1125 569 1150 unum
600 1124 639 1149 se
672 1110 795 1149 Deum
827 1116 867 1148 et
897 1109 1099 1147 Christum
1143 1108 1273 1146 colere
1310 1106 1524 1159 profitetur
1545 1136 1655 1145 .....

153 1181 481 1218 »consensionem
521 1179 642 1217 habet
682 1180 722 1217 in
755 1178 876 1216 verbo
917 1177 1009 1221 Dei,
1049 1185 1169 1228 atque
1200 1177 1249 1215 ad
1280 1177 1366 1215 eius
1397 1175 1656 1227 praedicatio-

152 1260 270 1287 »110111
301 1248 568 1287 ministerium
599 1255 808 1287 conservat
839 1261 858 1286 a
891 1247 971 1286 Deo
1002 1248 1233 1285 institutum
1260 1246 1323 1298 ³).”

203 1319 257 1358 4.·
299 1318 358 1356 Ad
400 1316 631 1356 Sadoletum
667 1317 824 1356 scribit:
869 1315 1012 1355 »Nunc
1053 1316 1084 1354 si
1125 1315 1401 1354 definitionem
1434 1321 1501 1352 tua
1532 1314 1657 1353 verio-

152 1400 262 1425 »rem
307 1388 484 1440 recipere
530 1387 723 1431 sustines,
761 1387 824 1425 dic
855 1386 1040 1438 posthac,
1082 1386 1314 1424 societatem
1345 1395 1429 1422 esse
1461 1384 1658 1427 omnium,

152 1469 280 1508 »quac
325 1470 395 1509 per
438 1463 565 1495 10111111
611 1456 746 1495 orbem
791 1455 950 1500 diffusa,
990 1468 1072 1507 per·
1101 1467 1237 1493 omnes
1277 1460 1428 1492 aetates
1459 1453 1658 1504 dispersa,

152 1539 258 1564 »una
299 1532 432 1564 tamen
471 1525 617 1564 Christi
652 1526 832 1565 doctrina
863 1533 903 1564 et
933 1538 1013 1563 uno
1042 1525 1187 1576 spiritu
1217 1524 1420 1575 colligata,
1461 1523 1656 1561 unitatem

152 1595 275 1635 »fidei
305 1608 349 1633 ac
378 1595 600 1633 fraternum
631 1595 881 1633 concordiam
913 1595 1007 1632 colit
1038 1600 1158 1645 atque
1191 1594 1375 1632 observat
1407 1592 1472 1645 4).''

206 1665 240 1702 5.
298 1663 472 1702 Ecclesia
516 1670 576 1702 est
634 1671 818 1709 »coetus‚
863 1664 904 1702 in
943 1677 1021 1715 quo
1068 1664 1234 1702 verbum
1275 1662 1344 1701 Dei
1385 1662 1655 1714 praedicatur,

153 1745 325 1771 »nomen
358 1731 426 1771 Dei
457 1745 554 1784 pure
585 1733 814 1777 invocatur,
844 1740 884 1772 et
915 1739 1161 1771 sacramenta
1191 1732 1525 1771 administrantur
1555 1731 1618 1784 ⁵).''

203 1803 237 1840 6.
296 1801 364 1840 Est
394 1801 567 1840 Ecclesia
619 1802 883 1840 »universalis
913 1803 1080 1841 collecta
1110 1815 1159 1840 ex
1190 1801 1494 1857 quibuscunque
1526 1800 1654 1852 genti-

149 1870 251 1908 »bus
280 1871 518 1915 multitudo,
549 1884 649 1922 quae
680 1871 902 1910 intervallis
931 1873 1109 1910 locorum
1141 1872 1278 1910 dissita
1310 1885 1353 1909 ac
1383 1871 1581 1922 dispersa,
1612 1868 1654 1907 in

147 1952 294 1978 »unam
320 1947 453 1989 tamen
484 1941 658 1979 divinam
690 1941 895 1980 doctrinae
930 1941 1142 1980 veritatem
1173 1941 1373 1980 consentit
1404 1946 1445 1978 01
1475 1938 1654 1978 eiusdem

147 2009 382 2061 »religionis
412 2010 571 2049 vinculo
602 2011 786 2062 colligata
818 2018 877 2050 est
907 2011 977 2065 6).”

199 2078 378 2131 Denique
426 2079 641 2122 Ecclesiam
697 2081 834 2119 adesse
887 2081 1058 2125 fatetur,
1112 2081 1181 2119 ubi
1249 2080 1410 2133 »populi
1456 2079 1518 2117 sui
1561 2078 1651 2116 reli-

147 2163 162 2182 11
176 2147 307 2199 quias‚
341 2154 546 2199 utcunque
586 2148 780 2200 dispersas
817 2155 936 2200 atque
976 2150 1162 2188 disiectas
1192 2149 1430 2188 mirabiliter
1461 2148 1651 2186 Dominus

146 2234 162 2250 »
175 2224 394 2275 conservat.
452 2216 656 2262 Quatenus
686 2225 922 2270 permanent
953 2219 1103 2270 aliquot
1135 2218 1333 2258 Ecclesiae
1365 2218 1563 2270 symbola:
1594 2224 1649 2256 at-

144 2302 160 2320 11
174 2298 250 2337 que
280 2298 324 2324 ea
356 2287 610 2338 praesertim,
641 2299 810 2338 quorum
842 2286 1055 2325 efficaciam
1087 2300 1159 2325 nec
1192 2285 1344 2325 Diaboli
1375 2287 1542 2332 astutia,
1577 2299 1650 2326 nec

146 2354 343 2394 »humana
372 2356 545 2408 pravitas
576 2356 785 2395 destruere
815 2362 947 2408 potest
978 2355 1042 2409 ⁷).''

185 2589 209 2629 1)
238 2590 360 2621 Cateelt.
389 2592 500 2623 Genev.
525 2590 612 2622 Tom.
639 2591 784 2633 V111.,p.
810 2591 875 2624 162¹.

183 2645 208 2685 2)
235 2645 314 2675 Inst.
339 2643 394 2675 IV.
418 2645 448 2676 1.
474 2644 503 2677 2.
636 2646 662 2685 3)
687 2646 768 2677 Inst.
794 2645 848 2677 IV.
874 2646 903 2677 1.
930 2645 959 2680 7.

182 2699 207 2739 ⁴)
233 2700 324 2740 Resp.
349 2698 393 2730 ad
415 2707 530 2730 SADOL.
554 2696 641 2732 Toni.
659 2700 752 2731 VIII.
778 2711 808 2741 p.
834 2700 928 2737 10823
954 2699 991 2730 de
1015 2697 1139 2730 visibili
1163 2697 1304 2729 Ecclesia
1328 2708 1428 2731 sermo
1453 2701 1504 2739 fit,
1529 2703 1565 2733 ut
1588 2701 1647 2733 cla-

143 2756 230 2785 mant
259 2754 335 2784 haec
366 2754 435 2785 eius
465 2753 574 2786 verba:
624 2754 716 2792 „Scis
740 2755 814 2792 hoc,
839 2753 998 2792 Sadolete,
1022 2764 1079 2784 nos
1107 2753 1191 2784 nihil
1214 2753 1302 2784 aliud
1333 2754 1453 2793 conari,
1479 2765 1588 2797 quam,
1612 2756 1647 2786 ut

148 2808 370 2845 „instauretur
392 2807 561 2851 aliquando
584 2811 708 2840 vetusta
731 2808 788 2840 illa
811 2807 968 2840 Ecclesiae
993 2807 1118 2839 facies.”

181 2863 205 2904 5)
230 2864 310 2894 Insl.
336 2863 391 2894 IV.
417 2864 446 2895 1.
472 2863 501 2897 7.
636 2864 660 2904 ⁶)
685 2864 765 2895 Insb.
790 2863 845 2894 IV.
872 2864 901 2894 I.
926 2863 955 2895 9.

181 2918 207 2959 7)
231 2918 339 2961 Refut.
363 2917 518 2951 Hollandc'
542 2918 630 2952 Tom.
657 2918 750 2954 VIII.
774 2929 805 2960 p,
830 2918 921 2952 490³.
