1879 3239
818 91 865 130 41

104 221 292 274 „gloriam
323 217 588 270 quaerendam
620 221 756 266 vergat
773 213 862 266 ³⁸).⁷‘
921 211 1020 249 Hinc
1047 209 1285 260 intelligitur
1312 208 1409 245 nihil
1436 208 1592 258 religio-

104 292 183 331 sius
222 288 334 327 nobis
374 285 663 325 observandum
704 295 810 326 csse,
848 294 964 332 quam
1020 277 1241 316 »doctrinae
1280 289 1468 320 examen,
1510 283 1593 315 tum

104 358 352 412 »publicum.
385 362 467 394 tum
499 354 694 406 privatum
713 351 802 404 ³⁹),'’
835 351 875 388 in
907 361 984 401 quo
1013 348 1109 386 llaec
1140 347 1288 385 trutina
1319 347 1370 384 sit
1400 359 1443 384 ac
1469 358 1594 384 amus-

103 428 171 467 sis:
229 439 337 464 »non
376 426 496 463 licere
536 421 732 460 Ecclesiae
770 420 855 471 plus
885 419 1049 460 docere,
1088 428 1205 467 quam
1235 414 1341 465 quod
1373 415 1494 453 verbo
1525 428 1595 454 suo

104 495 325 535 »revelavit
357 494 544 533 Dominus
561 490 655 543 ⁴⁰);'’
686 489 792 528 unde
823 495 998 529 constat,
1028 487 1185 525 unicum
1213 484 1417 523 doctrinae
1444 484 1595 523 fontem

103 577 251 605 sacram
295 563 530 614 scripturam
573 559 797 598 habendam
841 556 999 608 essen).
1066 554 1172 593 Nihil
1214 560 1345 592 autem
1390 553 1594 591 doctrinae

103 634 209 674 illius
249 631 475 671 auctoritati
515 627 808 681 promovendae
844 627 986 665 melius
1017 624 1203 668 inservit,
1234 635 1350 674 quam
1379 635 1472 661 usus
1501 626 1595 660 catc-

104 702 258 746 clzismi,
307 701 356 740 de
406 711 483 751 quo
527 698 581 736 sic
622 704 758 736 noster
806 695 854 734 ad
898 704 1214 732 SOMMERSETIUM:
1285 691 1464 742 »Croyez
1507 689 1596 734 Mt„

104 784 210 823 »quc
240 770 381 822 jamais
415 767 562 820 lEglise
593 767 643 805 de
674 765 772 804 Dieu
803 777 852 803 ne
884 776 924 802 se
955 775 1189 802 conservera
1221 773 1310 799 sans
1339 759 1596 799 Catechisme.

103 840 185 887 »Ce
225 838 461 878 catechismo
497 836 644 875 servira
680 848 701 873 a
731 835 836 873 deux
871 845 1031 885 usages,
1062 832 1216 870 asavoir
1244 830 1547 868 dintroduction
1577 842 1597 867 a

104 916 223 949 »tout
262 909 298 947 le
339 907 500 960 peuple,
540 918 639 958 pour
679 911 766 943 tous
805 901 984 955 proffiter
1022 914 1042 939 a
1082 913 1125 939 ce
1163 912 1269 951 quon
1309 899 1517 950 preschera
1557 905 1597 937 ct

105 978 237 1018 »aussi
268 990 368 1030 pour
397 977 600 1015 discerner
628 974 659 1012 si
691 973 860 1024 quelque
887 976 1198 1022 presumptueux
1225 969 1483 1007 avanvancoit
1508 969 1598 1007 doc·

106 1049 239 1087 »trine
279 1054 463 1097 estrange
482 1044 538 1097 42).
596 1041 732 1092 Neque
773 1047 863 1079 vota
903 1045 1058 1077 tantum
1103 1037 1369 1089 nuncupavit,
1410 1037 1478 1075 sed
1516 1037 1598 1088 ipsc

106 1129 262 1170 quoque
299 1117 338 1154 in
379 1126 492 1153 usum
523 1110 719 1149 Ecclesiae
749 1108 990 1147 Gencvensis
1025 1106 1257 1158 conscripsit
1287 1106 1599 1150 Catcchismum,

105 1187 145 1226 in
198 1185 310 1235 eujus
348 1181 592 1234 praefatione
631 1179 680 1217 de
721 1177 943 1216 istiusmodi
997 1176 1120 1214 libelli
1171 1175 1346 1214 utilitate
1399 1176 1439 1213 in
1492 1175 1599 1214 hunc

102 1254 264 1294 modum
295 1251 470 1290 disserit:
529 1247 794 1287 »Catechismi
833 1259 947 1290 usus,
984 1246 1050 1297 qui
1092 1245 1243 1297 aliquot
1274 1244 1441 1283 antehac
1467 1258 1600 1284 saccu-

105 1324 182 1362 »lis
221 1321 294 1361 sub
335 1320 484 1372 Papatu
523 1317 693 1357 abolitus
731 1317 826 1359 suit,
866 1328 972 1354 nunc
1012 1315 1123 1366 quasi
1163 1315 1249 1353 iure
1280 1315 1510 1366 postliminii
1541 1327 1600 1353 re-

78 1385 80 1387 ’
106 1392 246 1435 »deat‚
276 1404 367 1429 nam
396 1401 612 1440 numquam
643 1387 738 1426 satis
781 1399 851 1439 pro
877 1386 1052 1425 utilitate
1081 1398 1149 1424 sua
1175 1385 1443 1424 commendari
1470 1391 1601 1437 potest

104 1464 303 1500 »sanctum
332 1459 408 1499 hoc
437 1455 747 1508 institutzmffl).”

595 1633 621 1686 §
651 1634 685 1671 2.
747 1631 875 1671 Cultus
904 1632 1113 1671 celebratio.

158 1820 174 1837 n
188 1801 362 1841 Primum
393 1801 650 1840 statuendum
680 1807 760 1846 cst,
790 1801 1035 1852 spiritualem
1063 1799 1133 1839 Dei
1163 1801 1314 1839 cultum
1345 1813 1451 1845 esse,
1482 1813 1531 1840 ne
1563 1801 1602 1840 in

104 1871 311 1910 »externis
351 1871 412 1909 vel
451 1869 707 1912 ceremoniis,
747 1869 809 1907 vel
839 1868 925 1906 aliis
956 1867 1193 1919 quibusdam
1224 1857 1410 1920 operibus
1440 1883 1602 1922 repona-

104 1938 279 1992 »tur¹).”
324 1938 415 1978 Veri
447 1945 580 1978 autem
610 1937 680 1977 Dei
711 1938 841 1976 cultus
871 1938 1156 1989 ”praecipuum
1185 1938 1490 1978 fundamentum
1522 1946 1602 1984 cst,

103 2008 252 2053 »Eum,
278 2008 394 2046 sicuti
420 2014 502 2052 cst,
529 2008 656 2046 omnis
683 2008 862 2051 virtutis,
888 2007 1085 2051 iustitiae,
1103 2008 1345 2052 sanctitatis,
1362 2009 1602 2060 sapientiae,

103 2095 119 2112 >v
133 2077 333 2121 veritatis,
359 2077 582 2129 potentiae,
604 2076 811 2121 honitatis,
839 2077 1095 2121 clementiae,
1119 2077 1222 2115 vitae
1239 2084 1279 2115 et
1296 2078 1435 2116 salutis
1451 2078 1603 2117 sontem

105 2147 293 2185 »unicum
319 2157 555 2197 agnoscere,
581 2144 751 2196 ideoque
778 2143 973 2182 bonorum
1001 2144 1175 2182 omnium
1198 2144 1363 2196 gloriam
1382 2144 1440 2184 Illi
1458 2146 1602 2184 adscri-

104 2233 120 2251 »
133 2216 227 2255 bere
253 2215 293 2253 in
319 2214 511 2259 solidum,
533 2214 569 2252 ei
588 2214 764 2252 tribuere
777 2244 786 2258 ‚
803 2226 904 2265 quae
921 2226 1012 2252 vere
1031 2214 1070 2252 in
1089 2213 1172 2265 ipso
1189 2214 1273 2252 solo
1290 2214 1421 2253 omnia
1438 2216 1601 2255 adsunt:

105 2285 304 2336 »ideoque
331 2282 362 2321 si
389 2281 485 2333 quid
510 2281 624 2320 nobis
650 2294 746 2333 opus
772 2288 852 2326 est,
882 2281 923 2319 in
949 2282 1077 2333 ipsum
1103 2282 1229 2321 solum
1255 2282 1464 2334 respicere.
1505 2283 1602 2324 Inde

143 2493 183 2534 ³⁸)
209 2493 319 2536 Preces.
344 2493 387 2525 ad
409 2501 529 2525 FRANG.
554 2493 580 2525 Ι.
604 2493 638 2525 in
676 2493 780 2530 „Insa
806 2493 861 2525 rel.
887 2493 983 2526 Chr.''

143 2550 183 2590 ³⁹)
213 2550 321 2582 Comm.
345 2549 389 2581 ad
412 2550 429 2580 1
455 2550 501 2581 Io.
526 2549 580 2581 IV.
607 2550 636 2581 1.
772 2549 811 2589 4⁰)
836 2550 916 2582 [πεί.
942 2550 997 2582 IV.
1023 2551 1052 2581 8.
1079 2551 1130 2581 15.

143 2605 184 2644 ⁴¹)
209 2605 267 2646 Ep.
292 2603 336 2634 ad
356 2611 450 2634 LAEL.
474 2612 578 2636 soem.
605 2605 731 2644 (HENRY
757 2604 783 2635 I.
805 2603 884 2635 Bcil.
908 2604 953 2636 Il.
974 2605 1003 2637 S.
1030 2605 1093 2645 58.)
1128 2604 1164 2636 cf.
1194 2606 1304 2638 Comm.
1334 2606 1379 2637 ad
1405 2606 1460 2640 Ro.
1487 2607 1523 2641 X.
1550 2610 1599 2642 11.

144 2659 184 2699 ⁴²)
209 2659 307 2690 Lettr.
332 2669 373 2689 au
395 2661 479 2700 prot.
504 2659 542 2690 de
564 2659 680 2701 Z’Anyl.
709 2660 836 2699 (HENRY
860 2659 904 2691 II.
928 2659 1011 2693 Beil.
1037 2661 1067 2693 4.
1093 2660 1122 2691 S.
1149 2660 1213 2700 34.)

144 2713 185 2754 4³)
212 2712 322 2754 Praes.
353 2712 385 2742 z'n
418 2712 484 2745 Cat.
518 2715 593 2745 Gen.
623 2714 710 2746 Tom.
742 2713 834 2746 VIII.
864 2725 894 2756 p.
926 2714 993 2745 11³.
1029 2714 1065 2746 cf.
1104 2714 1186 2746 adm.
1216 2714 1260 2746 ad
1287 2715 1357 2746 lect.
1387 2715 1473 2748 Tom.
1509 2716 1599 2750 VIII.

76 2802 80 2806 ,
106 2780 136 2811 p.
160 2768 202 2800 12
227 2770 258 2799 et
282 2777 308 2798 c.
332 2775 361 2798 E.
386 2775 541 2799 SCHMIDT.
574 2769 674 2810 Comp.
704 2768 759 2800 des
791 2767 997 2800 Cate'clcismes
1025 2769 1064 2801 de
1090 2769 1199 2807 Lam,
1227 2769 1331 2808 Cala,
1354 2769 1516 2808 Heidelb„
1546 2772 1600 2804 Os-

106 2826 190 2856 terw.
215 2825 247 2854 et
271 2821 399 2853 Saurin.
424 2821 539 2853 Strasb.
565 2823 659 2856 1858.
684 2834 714 2866 p.
740 2822 880 2857 27—37.

159 2878 184 2918 ¹)
207 2878 257 2909 De
281 2887 354 2908 vera
377 2877 465 2908 Eccl.
488 2877 548 2919 ref.
572 2880 634 2909 rat.
649 2878 736 2910 Tom.
753 2878 845 2909 VIII.
871 2877 961 2912 278³.
986 2878 1024 2910 de
1048 2879 1101 2910 vit.
1124 2880 1257 2921 superst.
1281 2878 1368 2912 Tom.
1386 2878 1483 2913 VIII.
1507 2880 1599 2912 4361).

105 2932 143 2965 de
165 2943 247 2966 sacr.
263 2943 340 2976 pap.
365 2933 415 2966 vel
436 2933 517 2966 adm.
543 2933 592 2965 vel
613 2933 674 2974 abj.
699 2933 787 2968 Tom.
812 2933 903 2966 VIII.
928 2945 959 2976 p.
982 2933 1076 2969 42Sb.
