1879 3239
129 213 267 254 qistros,
291 211 348 253 qui
370 210 415 242 ad
436 211 541 242 scolas
566 210 779 252 Theoloyicas
806 221 858 242 me
877 215 1124 253 praepararent.
1176 210 1299 248 Quodsi
1323 211 1527 243 vehementer
1547 212 1642 254 yrati

130 274 238 305 animi
259 274 401 314 impetus
429 273 474 303 Te
498 281 620 313 quoque
644 272 839 302 nominatim
859 273 1049 313 compellare
1070 282 1119 302 me
1141 272 1304 313 impellit,
1339 273 1553 311 Clarissime,
1576 274 1640 303 imo

131 338 163 366 et
182 334 361 364 Carissimo
381 333 427 363 de
455 333 527 362 Vri
539 330 623 371 esJ,
648 342 706 363 cur
727 337 833 363 tamen
848 333 985 363 reticere
995 334 1131 372 malim,
1156 343 1251 374 quam
1264 334 1382 363 multis
1401 334 1640 375 exquisitisque

132 399 163 426 et
186 395 405 436 maqniloquis
426 394 478 423 uti
504 393 614 423 verbis
635 394 672 423 in
695 394 801 423 animi
822 395 888 423 mei
908 404 986 434 erqa
1013 395 1058 424 Te
1077 395 1241 424 sententia
1266 394 1495 433 testificanda,
1519 396 1640 425 melius

134 457 184 487 Tu
212 456 404 496 intelliqes‚
438 465 535 496 quam.
563 464 619 495 eqo
649 454 766 485 dicam.
815 455 884 485 Nec
913 454 995 496 quid
1026 456 1125 485 Patri
1149 465 1217 485 meo
1235 455 1499 494 debeamfilius,
1526 456 1640 496 palam

133 518 243 548 verbis
277 518 418 557 eloquar.
470 516 630 553 Gratias,
665 514 882 546 dilectissime
918 516 1096 546 studiorum
1131 526 1272 546 meorum
1307 515 1375 546 dua·
1411 527 1448 546 ac
1476 514 1639 557 patrone!

134 579 283 609 sinceras
311 578 422 618 accipe
451 574 606 617 qratias!
636 580 668 605 ct
696 577 769 606 sine
797 587 846 607 me
873 578 1110 607 venerationem
1133 587 1236 607 meam
1260 581 1356 618 atque
1384 577 1639 616 observantiam,

133 650 198 681 qua
234 639 278 669 Te
309 639 474 679 hucusque
498 641 694 678 prosecutus
729 648 817 677 sum,
852 643 883 668 et
914 648 988 668 vero
1017 647 1202 679 prosequar,
1227 638 1381 679 quamdiu
1409 639 1533 677 vivam,
1562 638 1641 668 Tibi

129 701 284 742 probare,
308 698 570 741 quemadmodum
596 702 687 728 tuum
719 699 768 728 Tu
797 699 974 729 ostendisti
995 709 1153 738 amorem,
1178 709 1240 729 non
1268 700 1377 729 verbis
1402 699 1460 729 sed
1471 699 1596 736 factis.

183 762 240 791 Vos
266 770 386 801 quoque
411 759 528 790 audire
556 759 642 789 mihi
670 760 824 799 licuisse,
860 760 907 791 Ol.
939 759 1132 797 Verdam,
1161 760 1321 791 Kaiser
1346 765 1378 791 et
1401 761 1498 804 33²th
1510 772 1543 801 e,
1571 766 1637 801 est,

131 822 215 865 quod
238 831 433 862 summopere
450 820 592 863 gaudeo,
636 819 786 862 Accipite
814 831 920 851 omnes
948 821 1029 851 hane
1051 821 1293 862 qualemcunque
1320 823 1415 862 qrati
1437 824 1545 854 animi
1573 829 1639 855 tes-

131 884 351 923 tificationem.

183 945 241 974 Vos
251 943 388 985 denique
406 944 548 984 appello,
569 943 761 974 Clarissimi
785 943 829 974 de
857 944 951 974 Wal
970 949 1001 974 et
1023 944 1064 974 M
1074 942 1156 974 oll!
1167 967 1175 982 ‚
1202 954 1317 985 vosque
1338 954 1462 984 omnes,
1486 951 1640 989 quotquot

134 1005 464 1036 in¹cemmentatione
494 1015 565 1035 mea
592 1005 823 1036 conscribenda
853 1006 988 1036 consilio
1020 1010 1125 1036 vestro
1150 1006 1238 1036 mihi
1269 1006 1429 1046 afuistis,
1455 1011 1488 1037 et
1515 1017 1639 1038 summa

135 1067 337 1097 liberalitate
361 1066 520 1107 copiosam
545 1070 578 1096 et
594 1067 777 1107 pretiosam
795 1067 1049 1107 supellectilem,
1069 1078 1327 1108 quaquaversum-
1354 1067 1551 1109 dispersam,
1576 1079 1639 1099 un·-

132 1126 232 1169 dique
260 1128 393 1158 comiter
415 1131 448 1157 et
461 1131 613 1168 prompta
642 1137 768 1168 semper
793 1128 1012 1158 benevolentia
1040 1129 1285 1169 comparabilem
1306 1129 1393 1159 mihi
1408 1130 1637 1170 praebuistis,-

134 1189 196 1230 qui
219 1199 280 1230 quo
301 1189 409 1229 maqis
434 1188 522 1218 mihi
542 1188 740 1229 prffuistis,
767 1198 800 1218 eo
818 1190 928 1230 maqis
948 1199 1070 1230 quoque
1089 1191 1280 1221 nominatim
1303 1200 1357 1220 vos
1378 1191 1568 1231 compellare
1589 1201 1639 1221 me

133 1251 238 1280 iuvat.
291 1250 350 1280 Vos
388 1250 455 1279 volo
484 1249 530 1281 el.
561 1250 775 1292 Pluygers
803 1255 836 1280 et
867 1250 1085 1290 Tideman,
1121 1252 1217 1282 Doct.
1243 1251 1372 1282 Bodel
1393 1248 1636 1293 Nyenhuis,

141 1310 199 1340 Vir
214 1310 398 1351 plurimum
422 1309 606 1341 Venerande
624 1311 745 1352 Sepp,
767 1311 1018 1344 Consultissime
1034 1314 1193 1352 Masei,
1214 1314 1272 1354 qui
1289 1313 1346 1343 sub
1361 1313 1464 1353 Reqis
1483 1315 1638 1344 ministro

127 1372 262 1412 patriae
273 1381 325 1401 res
338 1375 512 1401 extraneas
520 1382 635 1410 curas,
653 1373 741 1404 Dect.
755 1372 807 1403 Ca
816 1374 899 1414 mpb
912 1374 983 1412 ell,
999 1373 1222 1405 Bibliothecae
1234 1375 1393 1415 Haqanae
1407 1374 1637 1415 Reqiaeprae-

120 1432 234 1472 secte,
260 1436 292 1462 et
304 1433 347 1462 Te
364 1433 526 1473 inprimis
544 1433 747 1463 Venerabilis
767 1434 874 1464 Senem
897 1434 944 1465 de
969 1433 1130 1474 VriesJ,
1157 1435 1243 1476 apud
1263 1436 1539 1476 Teleiobaptistas
1552 1436 1637 1466 Ilar-

133 1494 289 1523 lemenses
301 1503 468 1523 sacrorum
482 1493 557 1523 olim
573 1494 737 1530 antistes;
756 1494 826 1524 nisi
839 1498 895 1524 tua
911 1494 1106 1525 bibliotheca
1121 1495 1208 1525 mihi
1220 1495 1296 1525 adeo
1309 1496 1636 1537 liberaliterpatuis-

128 1559 198 1593 set,
224 1554 312 1584 haud
335 1561 463 1584 amante
484 1555 584 1584 Lasci
596 1555 757 1595 opusculis
770 1557 952 1586 etiamnunc
961 1555 1199 1595 desiderarem,
1224 1559 1522 1588 commentationem
1535 1569 1636 1589 meam

129 1616 329 1646 conscribere
353 1620 438 1646 certe
451 1617 630 1657 potuissem
642 1626 828 1657 numquam.
878 1617 1013 1647 Pariter
1024 1617 1111 1647 vobis
1124 1619 1389 1659 quoqueqratias
1402 1629 1462 1660 ayo
1476 1620 1637 1661 habeoque

127 1688 223 1720 quam
252 1677 415 1707 maximas
439 1677 513 1707 Viri
532 1676 801 1708 Jlumanissimi!
823 1679 884 1719 qui
911 1679 1001 1708 ultra
1024 1680 1160 1720 patriae
1171 1680 1264 1718 fines
1288 1681 1473 1711 studiorum
1495 1691 1636 1712 meorum

124 1741 259 1781 patroni
277 1739 464 1769 exstitistis
484 1749 522 1769 ae
532 1739 708 1777 fautores,
738 1739 784 1770 Ol.
807 1740 1036 1779 Jacobson,
1062 1742 1099 1770 in
1111 1741 1286 1771 Academia
1300 1742 1517 1783 Reqio-mont.
1544 1743 1635 1782 Prqf.

134 1800 229 1840 ord„
256 1801 347 1831 Doet.
367 1800 453 1830 Lau
464 1805 573 1838 rent,
600 1800 689 1830 Bibl.
712 1801 823 1832 llamb.
841 1802 1049 1842 praeposite,
1073 1807 1103 1832 et
1125 1803 1215 1833 Dect.
1239 1803 1526 1842 Traviranus,
1543 1805 1634 1836 Eecl.

128 1861 234 1892 Brem.
261 1862 336 1892 Seto
357 1861 506 1891 Martiae
528 1861 657 1891 dicatae
672 1860 809 1902 pastor!
850 1861 919 1892 Nec
942 1848 1122 1893 restrorum
1149 1874 1228 1904 crya
1254 1874 1305 1894 me
1328 1865 1550 1903 beneficiorum
1568 1875 1635 1896 me-

128 1924 264 1953 moriam
298 1933 437 1964 unquam
470 1922 589 1952 delebit
611 1922 702 1961 dies,
730 1923 915 1953 Plurimum
943 1924 1123 1954 Venerandi
1149 1926 1280 1955 llesse
1303 1930 1332 1955 et
1362 1926 1522 1965 Vie'tor‚
1547 1927 1635 1968 apud

128 1985 332 2025 Rtfformatos
363 1983 548 2014 Embdanos
581 1994 742 2015 sacrorum
771 1986 959 2024 antistites,
996 1990 1027 2015 et
1050 1986 1141 2017 Doet.
1167 1987 1251 2017 ΒόῘι
1262 1997 1354 2026 mer,
1377 1988 1519 2029 inclytae
1542 1989 1634 2020 urbis

128 2045 341 2084 Franccy‘urti
374 2044 416 2075 ad
439 2045 588 2075 Moenam
624 2046 762 2076 Senator
800 2046 1081 2078 Consultissime!
1133 2048 1291 2089 Inprimis
1325 2053 1434 2079 autem
1472 2050 1548 2080 Tibi
1585 2050 1632 2081 Cl.

132 2108 280 2146 Reuss,
312 2108 349 2137 in
369 2106 543 2137 Academia
568 2108 844 2148 Argentoratensi
866 2109 1035 2148 Prqfessor
1061 2108 1155 2148 Ord.‚
1181 2109 1435 2141 candidissimas
1456 2121 1496 2141 ea*
1514 2112 1632 2142 intimo

120 2173 248 2211 pectore
280 2168 382 2207 rifero
411 2169 563 2209 qratiaS,
597 2171 658 2209 qui
689 2179 749 2199 non
779 2174 904 2199 tantum
939 2170 1148 2201 bibliothecae
1180 2175 1254 2201 tuae
1288 2172 1474 2203 thesaurum
1507 2183 1631 2203 summa

127 2231 329 2261 liberalitate
360 2230 446 2260 mihi
477 2230 662 2270 aperuisti,
697 2235 728 2260 et
753 2232 891 2261 consilio
921 2233 1118 2273 monitisque
1153 2233 1240 2263 mihi
1271 2233 1413 2272 dffuisti
1441 2245 1630 2276 numquam,

129 2292 186 2322 sed
208 2292 308 2321 etiam
327 2292 363 2322 in
387 2291 650 2322 consuetudinem
675 2296 706 2322 et
719 2292 1001 2330 familiaritatem
1032 2304 1082 2323 me
1108 2295 1251 2335 recipere
1274 2295 1431 2336 diqnatus
1453 2306 1498 2327 es.
1548 2297 1632 2334 Quo-

130 2363 202 2385 rum
229 2353 367 2382 omnium
400 2362 460 2394 quo
485 2344 615 2383 dulcior
640 2353 726 2383 mihi
750 2354 949 2393 recordatio,
977 2364 1011 2384 eo
1031 2354 1204 2385 ardentius
1228 2366 1267 2386 ese
1292 2357 1411 2388 intimo
1424 2362 1555 2398 pectore
1575 2360 1629 2390 hoc

129 2424 275 2455 nuncupo
292 2419 413 2453 votum,
438 2419 475 2444 ut
496 2415 587 2445 Deus
613 2415 649 2445 0.
665 2415 710 2446 M.
742 2415 799 2445 Vos
816 2426 921 2446 omnes
939 2416 1131 2447 diutissime
1151 2418 1256 2448 salvos
1281 2424 1443 2449 conservet
1461 2424 1556 2461 atque
1578 2422 1629 2451 in-

127 2477 284 2514 columes,
320 2475 490 2517 eademque
526 2476 600 2515 Vos,
632 2476 704 2506 Viri
724 2476 995 2508 [inmanissimil
1019 2488 1067 2508 me
1092 2479 1312 2510 benevolentia
1331 2482 1488 2522 prosequi
1510 2492 1630 2524 perqu-

131 2538 197 2575 tis,
222 2547 286 2578 qua
319 2536 361 2567 ad
385 2538 466 2568 hune
495 2547 594 2578 usque
617 2537 702 2568 diem
728 2538 852 2568 studiis
876 2539 958 2569 meis
969 2538 1143 2578 favistis!

177 2599 236 2628 Vos
265 2598 402 2639 denique
440 2597 706 2629 Commilitones!
743 2598 874 2630 valete!
918 2599 1149 2631 Amicissimi!
1183 2612 1222 2632 ne
1257 2603 1442 2645 respublica
1475 2605 1630 2638 disiectis

126 2663 242 2690 utatur
266 2663 298 2689 et
323 2660 492 2700 Ecclesia,
517 2671 594 2701 quos
617 2661 794 2691 Academia
817 2662 961 2692 nutrivit
984 2661 1192 2694 coniunctos!

165 2779 260 2814 Scrib.
285 2780 395 2813 Leidae
420 2781 449 2814 (1.
475 2780 529 2813 XV
553 2792 595 2815 m.
619 2782 809 2824 Septembris
832 2783 1084 2817 MDCCCLXII.
