1879 3239
163 93 192 121 11

162 215 244 254 rori
282 214 523 268 patrocinari
563 213 734 253 videtur.
794 212 908 259 Quod
947 212 1073 266 Hegel
1103 218 1253 259 autem,
1284 213 1442 254 Strauss
1471 219 1512 254 et
1540 214 1671 256 Rothe

160 283 359 323 Ecclesiae
398 284 607 323 interitum
646 283 851 322 vaticinati
881 289 995 327 sunt,
1024 295 1105 322 non
1135 289 1217 322 tam
1247 295 1310 322 res
1340 283 1532 323 humanas
1564 284 1671 324 inter

162 358 282 404 atque
310 353 465 392 divinas
496 352 735 391 dualismum
765 357 934 403 spectat,
965 351 1034 390 sed
1070 351 1214 390 exinde
1244 353 1360 410 unice
1391 354 1670 405 explicandum

162 428 243 467 est,
283 423 388 474 quod
427 422 664 474 religionem
695 428 736 460 et
765 421 1033 460 moralitatem
1063 427 1144 460 tam
1175 428 1281 460 arcte
1312 434 1356 460 ac
1386 422 1668 461 indissolubili-

161 497 224 530 ter
252 491 358 530 inter
387 503 471 530 sese
501 490 803 534 coniunxerint,
833 496 877 528 ut
907 503 1000 541 prae
1030 490 1256 529 moralitate
1282 490 1331 529 ad
1353 491 1516 541 plenum
1541 504 1666 543 usque
1710 536 1713 539 ¹

162 561 319 600 exculta
369 566 488 612 atque
527 559 721 611 perfecta,
758 559 995 611 religionem
1035 572 1271 599 evanescere
1309 572 1470 611 prorsus
1510 561 1671 612 opinen-

162 636 230 668 tur
245 628 287 681 ³).
331 628 382 667 Et
412 641 527 672 sane,
557 627 774 666 dummodo
803 627 1010 680 religionis
1035 628 1084 667 ad
1110 628 1171 672 id,
1202 628 1307 679 quod
1332 641 1492 673 verum,
1522 629 1671 669 bonum

162 711 207 736 ac
231 697 440 750 pulchrum
457 703 539 740 est,
568 696 712 735 relatio
728 696 830 735 bene
847 697 1130 748 perspiciatur,
1158 696 1298 735 adhoc
1314 697 1537 736 necessarie
1554 698 1671 738 deve-

162 766 354 805 niendum
371 765 448 804 erit
465 765 650 804 dilemma
664 796 672 809 ‚
689 772 758 803 aut
775 765 961 817 religioni
979 765 1090 804 iuxta
1106 766 1210 809 veri,
1228 765 1320 804 boni
1337 766 1573 819 pulchrique
1590 774 1671 807 stu-

162 835 271 874 dium
311 835 465 873 nullum
505 835 745 886 peculiarem
788 847 873 873 esse
904 835 1035 873 locum
1065 834 1377 886 designandum,
1407 836 1586 888 adeoque
1616 838 1673 877 nil

163 910 323 956 praeter
369 904 578 943 interitum
617 910 849 956 exspectare
889 903 1125 948 Ecclesiam,
1165 916 1266 955 quae
1297 903 1443 955 absque
1474 906 1673 958 religione

162 979 320 1011 corruat
364 985 526 1012 necesse
570 979 647 1018 est,
685 996 738 1003 —-
772 980 841 1012 aut
880 985 975 1012 vero
1015 972 1285 1024 philosophice
1326 973 1446 1020 etiam
1487 974 1672 1026 religioni

162 1054 272 1080 suam
308 1042 553 1092 provinciam
593 1055 677 1081 esse
717 1042 1017 1086 vindicandam,
1056 1049 1245 1094 tanquam
1276 1043 1408 1081 sensui
1440 1043 1573 1082 indole
1604 1056 1674 1083 sua

161 1110 350 1149 universo
388 1111 617 1149 mortalium
657 1112 794 1163 generi
829 1111 978 1156 indito,
1019 1123 1096 1162 quo
1127 1112 1167 1149 in
1201 1111 1286 1151 dies
1316 1111 1459 1150 clarius
1489 1111 1674 1151 Auctoris

160 1179 239 1223 sui,
279 1192 300 1217 a
340 1192 418 1230 quo
458 1180 499 1218 in
530 1180 714 1219 omnibus
744 1180 966 1232 pendeant,
997 1180 1280 1219 conscientiam
1311 1181 1351 1218 in
1382 1181 1523 1220 intimo
1553 1182 1672 1220 corde

162 1248 474 1300 persentiscam,
518 1248 666 1300 quique
717 1249 816 1288 adeo
856 1250 961 1295 veri,
1004 1249 1098 1288 boni
1139 1249 1374 1301 pulchrique
1414 1252 1592 1289 amorem
1628 1263 1674 1289 60

162 1322 277 1368 pacto
317 1316 432 1355 nobis
472 1316 662 1361 instillat,
702 1324 747 1357 ut
786 1331 924 1357 eorum
963 1318 1094 1357 ideam
1135 1319 1176 1357 in
1206 1318 1307 1363 Deo,
1346 1319 1470 1357 veluti
1502 1319 1542 1357 in
1572 1318 1675 1358 Entc

162 1385 365 1437 cogitante
404 1383 497 1436 (non
539 1392 727 1438 tanquam
757 1387 798 1425 in
824 1387 1025 1440 persona),
1056 1387 1279 1426 absolutam
1310 1394 1428 1439 atque
1459 1387 1674 1439 perfectam

162 1453 300 1492 adesse
340 1453 455 1491 nobis
486 1452 702 1505 fingamus,
733 1477 783 1483 —-
815 1468 981 1506 esseque
1012 1455 1136 1506 igitur
1166 1454 1364 1494 Ecclesiae
1394 1456 1435 1494 in
1466 1463 1674 1497 aeternum

159 1522 271 1561 iuxta
312 1522 598 1574 rempublicam
628 1535 744 1561 suum
775 1524 1059 1576 assignandum
1089 1525 1230 1563 locum.
1287 1524 1447 1564 Etenim
1477 1539 1588 1565 amor
1616 1528 1674 1566 ni-

154 1589 212 1628 hil
257 1590 365 1629 aliud
409 1597 488 1635 est,
533 1604 650 1643 quam
695 1591 899 1631 affinitatis
938 1593 1135 1631 relatione
1175 1593 1352 1632 innitens
1382 1595 1673 1634 coniunctionis

156 1659 407 1711 principium.
453 1659 540 1706 Quo
570 1662 696 1714 magis
726 1675 823 1714 ergo
853 1663 894 1701 in
924 1662 1038 1701 nobis
1069 1663 1173 1707 veri,
1203 1663 1297 1702 boni
1325 1663 1560 1716 pulchrique
1591 1671 1672 1704 stu-

154 1729 265 1768 dium
305 1731 530 1775 excolatur,
570 1744 616 1770 eo
657 1731 869 1771 dilucidior
904 1731 974 1771 Dci
1005 1733 1274 1784 intelligentia
1307 1734 1421 1772 nobis
1451 1734 1668 1780 constabit,

156 1810 273 1849 quem
313 1811 359 1837 60
398 1799 591 1839 fervidius
630 1802 799 1840 amaturi
840 1815 995 1855 sumus,
1022 1803 1129 1853 quod
1163 1801 1262 1841 haec
1295 1803 1368 1841 tria
1400 1816 1479 1842 non
1511 1810 1668 1843 tantum

152 1866 194 1905 in
224 1879 265 1906 se
296 1868 600 1920 comprehendit
631 1871 834 1916 absolute,
865 1871 933 1910 sed
964 1884 1059 1911 vero
1084 1871 1170 1924 Ipse
1200 1879 1271 1910 est.
1317 1871 1369 1911 Et
1393 1885 1514 1924 quum
1542 1872 1666 1912 Deum

152 1948 233 1974 non
263 1938 625 1977 extramundanum
651 1940 765 1978 nobis
791 1940 1046 1992 cogitandum
1072 1953 1158 1980 esse
1185 1942 1349 1986 scimus,
1380 1955 1510 1994 neque
1537 1949 1665 1981 extra-

152 2006 400 2050 naturalem,
437 2007 504 2057 qui
544 2009 822 2048 tantummodo
863 2009 1111 2048 extrinsecus
1151 2011 1211 2049 sui
1242 2011 1512 2063 cognitionem
1551 2012 1665 2051 nobis

156 2073 340 2118 instillet,
394 2075 464 2114 sed
518 2089 612 2116 vero
665 2079 902 2118 existentiae
958 2085 1118 2118 nostrae
1171 2081 1409 2133 principium
1464 2081 1504 2119 in
1548 2082 1663 2121 nobis

152 2141 245 2193 ipsis
284 2143 404 2181 situm
444 2157 550 2190 esse,
589 2159 668 2198 quo
706 2148 945 2187 intrinsecus
983 2150 1201 2201 agitemur,
1241 2150 1441 2201 sequitur,
1483 2150 1533 2189 ob
1572 2164 1662 2190 ean-

152 2211 241 2249 dem
272 2211 476 2252 affinitatis
504 2214 634 2267 legem
664 2216 705 2254 in
736 2217 823 2255 aliis
853 2230 1010 2269 quoquc
1042 2218 1113 2257 Dei
1139 2219 1446 2270 patefactionem
1471 2232 1543 2258 nos
1569 2221 1658 2259 ada·

151 2284 328 2318 maturos
364 2292 461 2319 esse.
519 2281 605 2327 Quo
643 2284 818 2335 penitius
856 2285 981 2337 igitur
1020 2285 1090 2325 Dei
1128 2286 1427 2327 immanentiam
1466 2291 1658 2341 persenti-

190 2482 216 2522 3)
242 2482 391 2514 Ceterum
418 2485 643 2527 rempublicam
670 2498 741 2520 cum
769 2488 903 2531 Hegelio
931 2490 1137 2523 definiendam
1165 2501 1229 2523 esse
1258 2491 1328 2529 „die
1351 2493 1578 2527 Wirklichkcit
1602 2495 1655 2527 dei·

157 2539 367 2577 „gesammten
396 2539 558 2573 sittlichen
585 2542 697 2580 Idec’'‚
722 2555 783 2575 non
810 2547 975 2587 propterea
998 2557 1069 2578 cum
1093 2556 1227 2578 HANSEN
1253 2549 1325 2588 (Die
1345 2550 1438 2581 Lutlz.
1462 2562 1493 2582 u.
1517 2550 1654 2592 Reform.

151 2590 310 2623 Kirelaenl.
335 2604 362 2626 v.
387 2594 418 2626 d.
442 2596 570 2628 Kirclze.
594 2597 624 2628 S.
652 2597 681 2638 5)
707 2601 738 2630 et
761 2609 935 2632 scHENKEL
959 2603 1112 2642 (HERZOG.
1138 2603 1400 2647 Real-Encyclop.
1418 2605 1451 2637 in
1469 2616 1498 2637 v.
1524 2605 1651 2637 Kirche.

149 2644 180 2677 S.
218 2646 292 2686 593)
329 2658 425 2689 nego,
451 2651 532 2692 quod
563 2652 715 2685 iustitiam
739 2654 793 2685 illa
821 2655 1039 2688 tantummodo
1063 2659 1230 2699 spectaret,
1257 2659 1383 2701 (quippe
1403 2672 1480 2703 quac
1507 2662 1652 2694 idealiter

152 2701 255 2731 sumta
290 2712 414 2733 omnem
451 2704 663 2738 moralitatem
698 2709 949 2752 complectitur),
981 2714 1035 2745 sed
1076 2722 1150 2744 vero
1182 2714 1263 2754 quod
1304 2718 1466 2748 externam
1493 2717 1652 2749 iustitiam

149 2754 241 2785 unice
270 2756 421 2795 custodit,
458 2760 489 2789 et
512 2759 617 2792 indole
645 2772 699 2793 sua
721 2762 895 2805 legalitatis
922 2767 1081 2810 principio
1113 2769 1283 2800 necessarie
1307 2769 1438 2811 alligata
1462 2774 1524 2811 est,
1549 2772 1648 2814 quod,

147 2808 207 2839 etsi
242 2810 416 2842 moralitati
452 2814 574 2854 egregie
608 2826 663 2857 pro
694 2819 833 2860 tempore
864 2821 1008 2862 prodesse
1035 2822 1149 2865 possit,
1174 2824 1269 2855 nimis
1296 2827 1400 2859 tamen
1428 2827 1494 2858 cius
1517 2828 1646 2858 naturae

149 2863 257 2903 officit,
293 2875 384 2907 quam
422 2867 458 2898 ut
491 2868 558 2899 eius
594 2871 760 2911 perfectam
792 2875 953 2908 notionem
988 2877 1027 2909 ad
1060 2877 1189 2919 plenum
1223 2875 1319 2922 usque
1358 2880 1512 2923 explicare
1545 2884 1647 2924 posset

147 2928 293 2960 unquam.
1055 2941 1059 2944 ·
