1849 3239
945 96 1022 136 162

243 223 394 263 »solam
431 225 626 265 duntaxat
664 228 916 279 apostolicam
951 229 1172 268 doctrinam
1203 235 1321 281 atque
1352 229 1642 268 observantiam
1671 240 1730 266 se-

242 300 447 344 »quantur
474 293 539 348 ⁸).'’
595 294 752 335 Praeire
794 297 920 348 igitur
963 297 1180 344 Ecclesiae,
1227 300 1437 338 instituere
1481 311 1566 337 eam
1609 304 1730 349 atque

241 362 480 402 eruditionis
517 377 608 403 suae
646 366 781 404 lumen
820 367 856 404 ei
895 367 1094 418 praeferre
1133 368 1301 412 debent,
1339 381 1552 419 numquam
1597 375 1736 420 autem·

241 431 480 470 sententiam
519 444 629 470 suam
668 434 792 472 veluti
832 434 991 473 decreta
1031 435 1215 475 fidelibus
1245 437 1469 488 imponere,
1499 449 1590 474 nam
1633 434 1732 472 »Ec-

243 499 413 539 »clesiae
438 500 722 546 ministerium,
751 503 857 553 quod
882 503 955 542 hoc
980 505 1052 543 sibi
1077 512 1269 550 sumeret,
1299 518 1369 557 pro
1394 504 1539 543 Christi
1561 502 1732 542 Ecclesia

243 579 351 605 »non
377 574 481 606 esset
505 567 732 608 habendum
750 570 817 622 ⁹).''
858 570 1035 611 Instituit
1066 573 1189 625 igitur
1214 572 1446 624 Prophetias
1474 580 1621 618 noster,
1651 573 1732 611 sive

243 635 443 686 periodica
481 638 686 677 ministros
724 639 830 678 inter
868 648 907 679 et
942 640 1140 681 Ecclesiae
1178 643 1302 681 socios
1332 642 1380 681 (le
1411 642 1590 680 doctrina
1619 642 1734 680 collo-

244 704 357 754 quia,
386 718 436 744 ne
467 707 625 757 quando
653 708 884 748 dominandi
912 710 1036 749 libido
1064 712 1337 750 ministrorum
1368 711 1547 750 ordinem
1577 711 1735 749 invade-

244 778 307 810 ret
334 773 399 826 ¹⁰)‚
429 774 498 813 sed
530 777 659 816 omnia
685 790 755 817 sua
781 791 801 817 e
827 779 948 817 verbo
975 779 1044 818 Dei
1071 781 1236 832 probare
1262 794 1417 833 semper
1442 787 1574 819 essent
1599 780 1737 831 parati.

244 839 328 880 Etsi
358 842 484 894 igitur
512 846 729 898 unicuique
758 848 798 885 in
829 847 1001 887 Ecclesia
1026 850 1177 888 licitum
1204 851 1275 894 sit,
1304 851 1431 901 ipsum
1457 851 1497 888 in
1526 850 1628 901 ipsas
1652 849 1737 886 fon-

245 916 304 948 tes
344 911 546 963 inquirere
586 922 626 953 et
665 917 824 955 nonnisi
864 918 936 956 sibi
985 919 1025 957 in
1065 919 1210 958 divinis
1253 920 1436 964 credere,
1481 931 1558 958 non
1605 925 1738 956 tamen

242 978 428 1020 licentiae
459 984 753 1034 patrocinatur,
788 987 856 1026 sed
900 978 1127 1027 »Ecclesiae
1162 1001 1352 1028 censurae
1387 989 1659 1039 unusquisque
1699 991 1739 1024 ct

244 1060 314 1086 »se
346 1056 386 1088 et
415 1063 484 1090 sua
515 1053 644 1092 omnia
675 1054 848 1093 libenter
877 1056 1112 1111 submittere
1138 1058 1356 1111 debet11).''
1396 1057 1564 1096 Tantum
1593 1056 1740 1099 abfuit,

243 1117 339 1167 quin
386 1120 591 1160 »serendis
621 1124 733 1162 novis
762 1124 1014 1176 dogmatibus
1049 1114 1163 1166 frena·
1198 1128 1350 1166 laxaret
1380 1126 1460 1178 ¹²>.”
1517 1126 1576 1164 Ab
1615 1126 1740 1164 altera

244 1193 356 1237 parte
396 1201 415 1226 a
456 1191 651 1230 ministris
689 1194 876 1244 requirit,
918 1202 961 1233 ut
1015 1209 1140 1248 »pure
1180 1204 1220 1235 et
1259 1210 1347 1236 eum
1388 1197 1645 1248 simplicitate,
1673 1195 1740 1234 do-

246 1262 390 1310 »Ceant
417 1258 510 1310 13),”
548 1268 587 1299 ct
627 1249 1048 1312 gravitatis'muneris
1091 1266 1165 1304 sibi
1209 1267 1405 1305 commissi
1450 1266 1550 1304 benc
1594 1265 1740 1303 conscii

245 1325 350 1363 omni
391 1327 427 1364 vi
469 1334 509 1366 et
549 1341 666 1380 opera
705 1331 946 1377 innitantur,
991 1341 1035 1372 ut
1078 1344 1193 1385 quam
1233 1335 1480 1386 purissimam
1520 1335 1741 1373 doctrinam

242 1391 429 1433 fidelibus
460 1397 617 1437 tradere
649 1407 807 1450 queant.
866 1401 1000 1453 Neque
1038 1403 1162 1454 igitur
1191 1404 1372 1442 versione
1403 1404 1620 1454 scripturae
1651 1415 1741 1441 con-

243 1464 344 1501 tenti
385 1465 484 1510 sint,
524 1467 592 1506 sed
647 1470 723 1508 »ad
762 1483 923 1522 graecas
962 1473 1209 1523 potissimum
1250 1473 1380 1512 sontes
1420 1478 1627 1511 recurrant
1656 1471 1741 1519 11*).”

240 1530 276 1569 b.
307 1531 353 1570 In
385 1533 527 1583 lenibus
556 1537 735 1586 serendis.
781 1539 1000 1580 »Universa
1028 1541 1225 1580 Ecclesiae
1263 1543 1463 1593 totiusque
1490 1542 1587 1580 adeo
1612 1540 1742 1579 cultus

244 1599 398 1639 »divini
439 1603 679 1654 gubernatio
718 1608 766 1646 ad
808 1607 1004 1648 Ecclesiae
1045 1611 1245 1649 ministros
1283 1612 1456 1662 pertinet
1484 1610 1572 1663 ¹⁵),”
1617 1621 1743 1660 »quos

247 1682 347 1720 »per
377 1669 569 1722 Spiritum
601 1682 728 1714 sctum
755 1677 794 1714 in
822 1686 996 1717 rectores
1022 1693 1065 1717 ac
1090 1668 1378 1731 gubernatores
1405 1679 1602 1718 Ecclesiae
1628 1678 1748 1730 (quod

247 1738 410 1778 »divina
442 1743 600 1796 attinet)
630 1747 868 1785 constitutos
898 1761 982 1787 esse
1000 1749 1075 1801 16)”
1103 1757 1259 1794 censet,
1289 1757 1328 1788 ct
1354 1750 1496 1801 quibus
1522 1749 1620 1787 adeo
1651 1760 1745 1799 »gu-

246 1807 503 1850 »bernandae
537 1811 732 1853 Ecclesiae
763 1814 972 1856 απιείονιίαῗε
1001 1820 1267 1869 permittenda
1303 1826 1362 1872 est
1388 1819 1470 1869 ²⁷).”
1527 1817 1579 1856 Ea
1612 1824 1746 1856 autem

246 1878 400 1917 ratione
427 1879 639 1921 Ecclesiam
667 1885 913 1935 gubernent,
944 1900 1059 1937 quam
1100 1887 1327 1927 »Ecclesiae
1353 1888 1544 1938 cuiusque
1571 1887 1746 1925 rationes

248 1954 317 1986 »et
359 1956 534 2001 tempora
576 1953 788 1992 videantur
827 1957 1026 2006 postulare
1059 1957 1153 2005 ¹⁸);''
1192 1965 1232 1996 et
1277 1957 1516 1995 »observato
1556 1956 1753 1994 duntaxat

250 2018 457 2057 »unanimi
496 2033 613 2060 sanae
653 2023 859 2062 doctrinae
898 2038 1093 2064 consensu
1131 2027 1231 2065 ritus
1269 2039 1362 2065 sane
1402 2039 1446 2065 ac
1475 2025 1746 2064 caeremoniae

302 2213 329 2254 8)
355 2215 466 2248 Forma
495 2228 533 2249 ac
560 2221 622 2250 rat.
658 2220 730 2252 min.
761 2221 859 2253 Lond.
890 2233 920 2264 p.
952 2223 1025 2254 566.
1060 2223 1107 2255 Cf.
1139 2223 1197 2265 Ep.
1225 2223 1270 2255 ad
1295 2225 1365 2256 Sem.
1393 2224 1462 2255 Pol.
1494 2223 1562 2263 (Ser
1590 2224 1656 2254 ant.
1683 2221 1747 2252 III.

252 2268 297 2300 1⁰.
324 2268 422 2311 107.).
602 2275 626 2314 ⁹)
651 2276 708 2317 Ep.
732 2277 778 2308 acl
800 2278 873 2310 Sen.
897 2279 967 2310 Pol.
993 2279 1067 2318 (Ser.
1091 2281 1158 2311 ant.
1181 2278 1245 2312 IH.
1269 2279 1315 2312 12³.
1339 2279 1437 2318 108.).

288 2322 328 2364 1⁰)
351 2325 464 2358 Forma
487 2339 525 2360 ao
547 2332 608 2361 rat.
633 2331 705 2363 min.
729 2332 827 2364 Lond.
851 2343 880 2374 p.
907 2333 1091 2367 107—117.

287 2379 328 2420 11)
356 2380 459 2412 Tract.
487 2383 526 2414 de
555 2384 692 2417 Sacram.
720 2387 814 2426 praef.
841 2397 872 2428 p.
902 2387 953 2419 11.
987 2387 1034 2419 Cf.
1062 2388 1118 2429 Ep.
1143 2388 1188 2419 ad
1206 2388 1292 2420 Ball.
1315 2389 1392 2427 (Ser.
1417 2392 1483 2419 ant.
1512 2387 1567 2419 IV.
1586 2386 1748 2426 12.454.).

250 2434 310 2477 Ep.
334 2435 434 2469 dedic.
458 2446 574 2478 praem.
600 2439 712 2471 Forma
735 2452 774 2472 ae
795 2444 857 2473 rat.
882 2443 954 2473 min.
978 2442 1076 2474 Lond.
1099 2453 1129 2484 p.
1155 2443 1206 2474 32.
1230 2443 1264 2473 in
1288 2442 1356 2484 ipso
1379 2441 1432 2475 lib.
1456 2452 1487 2483 p.
1513 2440 1586 2474 507.

287 2489 327 2529 ¹2)
357 2492 461 2524 Traot.
485 2492 524 2524 de
549 2494 687 2526 Sacram.
712 2496 806 2537 praef.
831 2507 860 2538 p.
887 2497 916 2529 6.

288 2544 329 2584 l3)
354 2545 412 2587 Ep.
437 2546 482 2578 ad
502 2548 589 2579 Ball.
616 2550 697 2588 (Ser.
723 2553 789 2582 ant.
814 2550 870 2582 IV.
896 2551 941 2583 1³.
966 2552 1066 2592 447.).

288 2598 328 2638 ¹4)
353 2600 402 2630 De
433 2600 554 2633 incarn.
589 2602 706 2634 Christi
738 2614 768 2645 p.
802 2605 839 2635 A.
873 2612 905 2637 V.
938 2618 968 2647 y.
1015 2606 1048 2637 Si
1083 2606 1154 2648 quis
1185 2606 1263 2637 scire
1291 2606 1411 2647 cupiat,
1448 2605 1604 2646 quomodo
1640 2606 1706 2647 ipse
1733 2603 1752 2636 ὲ

247 2653 344 2685 Lasco
382 2654 562 2697 interpretis
588 2667 717 2688 munere
745 2658 868 2691 functus
895 2661 954 2701 sit,
986 2661 1134 2703 inspiciat
1169 2661 1200 2692 in
1235 2660 1341 2692 eodeni
1370 2660 1479 2691 libello
1510 2671 1539 2702 p.
1568 2661 1603 2692 C.
1634 2668 1680 2691 IV.
1708 2662 1753 2699 ῥ’,

250 2708 285 2741 C.
314 2717 346 2740 V.
372 2711 413 2748 δ,
443 2719 474 2743 V.
501 2725 535 2751 ε,
567 2721 598 2744 V.
624 2716 662 2755 ζ,
690 2722 722 2745 V.
746 2727 784 2757 η,
810 2724 842 2749 V.
869 2719 914 2754 θ’,
939 2718 978 2750 D.
1004 2727 1025 2750 1.
1053 2730 1089 2757 α,
1114 2726 1146 2749 V.
1175 2719 1218 2753 θ,
1244 2716 1279 2748 G.
1304 2724 1327 2746 Ι.
1351 2719 1393 2755 ρ),
1418 2723 1450 2747 V.
1478 2716 1517 2751 δ’,
1542 2723 1574 2746 V.
1601 2728 1638 2756 η,
1662 2714 1705 2746 Η“.
1730 2723 1751 2745 1-

250 2776 289 2801 a,
315 2764 350 2796 F.
374 2773 407 2797 V.
433 2779 464 2798 α.
489 2767 528 2800 Κ.
553 2778 591 2801 11.
615 2772 653 2809 β.
700 2770 739 2801 In
771 2780 804 2801 re
835 2771 945 2802 critica
971 2772 1078 2813 potius
1102 2772 1244 2802 versatur
1276 2770 1307 2802 J.
1332 2780 1354 2802 1.
1379 2773 1423 2809 β,
1449 2778 1498 2802 111.
1525 2783 1562 2810 γ,
1588 2770 1630 2802 Η.
1654 2778 1686 2800 V.
1712 2781 1750 2811 η,

247 2819 279 2852 J.
304 2829 327 2853 1.
353 2833 385 2853 α.
573 2823 612 2864 ¹5)
636 2825 749 2856 Forma
771 2835 810 2856 ac
832 2829 893 2857 rat.
918 2827 991 2858 min.
1015 2826 1112 2859 Lond.
1138 2837 1168 2867 p.
1195 2826 1268 2858 508.
1294 2825 1340 2857 Cf.
1364 2836 1394 2867 p.
1421 2826 1479 2865 59,
1504 2824 1577 2859 273.

286 2875 326 2916 ¹⁶)
351 2876 399 2909 Ib.
423 2888 452 2919 p.
478 2877 552 2910 509.
732 2878 772 2919 ¹7)
799 2879 848 2912 Ib.
873 2891 903 2921 p.
929 2881 1018 2914 510..

287 2930 327 2972 1Β)
351 2930 399 2963 Ib.
423 2942 453 2973 p.
479 2931 531 2964 16.
557 2932 603 2967 Cf.
628 2932 671 2967 ib.
694 2945 724 2975 p.
749 2934 801 2966 18.
