1879 3239
930 45 955 84 8

199 179 383 231 »paratio
413 177 653 216 uberrimam
684 177 908 216 doctrinam
938 178 1137 222 continet,
1177 183 1295 229 atque
1326 178 1505 229 inprimis
1534 178 1695 222 utilem;

200 248 357 299 »primo
386 247 478 285 hine
508 247 732 298 colligimus
761 246 938 284 eiusdem
968 246 1229 285 haereditatis
1259 260 1366 298 spem
1391 247 1491 285 suise
1517 247 1696 298 patribus

201 317 305 355 »sub
334 329 369 355 v.
402 315 463 359 T.,
494 328 611 367 quam
636 315 756 354 hodie
786 315 998 359 habemus;
1028 315 1119 366 quia
1150 316 1326 354 eiusdem
1357 316 1580 367 adoptionis
1610 329 1694 368 par-

201 385 370 437 nticipes
405 385 579 423 suerunt.
637 383 724 422 Non
755 383 859 421 enim
891 384 931 421 in
960 383 1036 422 hoc
1065 391 1221 422 tantum
1252 391 1318 422 eos
1347 385 1494 423 clectos
1524 385 1644 422 fuisse
1675 398 1694 422 a

203 452 312 492 »Deo
352 453 498 492 Paulus
537 453 674 495 docet,
714 457 756 489 ut
787 451 902 490 nobis
932 453 1103 503 aliquem
1137 452 1205 491 Dei
1236 453 1423 505 populum
1454 453 1695 504 figurarent,

201 522 301 561 »sed
341 528 385 560 ut
425 521 630 559 nobiscum
675 527 806 558 essent
846 520 916 559 filii
948 520 1037 559 Dei:
1081 528 1121 559 et
1151 522 1385 560 nominatim
1417 528 1587 560 testatur
1615 513 1707 559 non*

200 591 280 630 »ad
320 603 387 630 eos
425 591 576 633 minus,
616 601 733 640 quam
764 589 813 627 ad
843 602 915 628 nos
945 590 1147 641 pertinere
1177 591 1422 642 spiritualem
1454 590 1696 629 benedictio-

199 673 321 698 »nem
351 658 576 697 Abrahamo
607 657 849 709 promissam.
908 657 1090 696 Secundo
1116 660 1339 711 colligimus
1364 661 1403 698 in
1430 666 1595 698 externa
1618 673 1696 698 ser-

199 728 355 767 »vitute
386 727 644 765 nihilominus
669 726 816 765 liberas
841 727 961 765 fuisse
987 739 1125 765 eorum
1151 729 1433 772 conscientias;
1463 729 1695 780 praesertim

200 809 325 836 »vero
368 796 417 835 de
454 796 628 848 gratuita
654 802 906 847 peccatorum
934 797 1166 834 remissione
1192 797 1321 835 edocti
1347 798 1608 836 conscientias
1629 797 1697 837 ha-

198 865 376 904 »hebant
406 878 426 904 a
457 865 608 917 peccati
639 872 679 903 et
709 865 848 903 mortis
875 865 1088 916 tyrannide
1114 865 1274 904 solutas.
1332 865 1428 904 Inde
1454 867 1696 905 constituen-

197 934 320 972 »dum
352 940 412 972 est
439 934 606 973 eandem
634 934 755 972 fuisse
782 946 937 985 semper
963 933 1207 977 doctrinam,
1238 940 1277 972 ct
1304 947 1397 973 vera
1424 934 1516 973 fidei
1543 937 1696 974 unitate

197 1003 431 1042 »nobiseum
463 1003 584 1041 fuisse
614 1003 869 1046 coniunctos,
899 1003 1018 1041 unius
1048 998 1168 1041 etiam
1197 1003 1428 1042 mediatoris
1460 1003 1604 1043 fiducia
1629 1017 1697 1043 no-

196 1089 212 1107 »
225 1072 377 1111 hiscum
406 1073 550 1116 fretos,
591 1071 715 1111 Deum
746 1079 899 1124 patrem
929 1073 1155 1116 invocasse,
1191 1079 1231 1110 et
1262 1073 1402 1111 eodem
1434 1071 1585 1124 Spiritu
1615 1080 1698 1112 scto

193 1141 342 1180 »fuisse
383 1141 638 1193 gubernatos.
699 1141 767 1179 His
808 1141 992 1180 omnibus
1031 1129 1344 1181 contentaneum
1384 1150 1444 1181 est
1484 1142 1698 1181 discrimen

194 1223 295 1249 »nos
340 1211 446 1250 inter
490 1218 529 1249 et
573 1218 731 1250 veteres
770 1218 902 1263 patres
941 1223 1021 1249 non
1061 1212 1100 1249 in
1142 1211 1362 1249 substantia
1402 1224 1507 1255 esse,
1548 1211 1617 1251 sed
1657 1212 1696 1249 in

192 1296 208 1314 >³
223 1280 533 1319 accidentalibus
564 1280 645 1334 ¹⁰).”
718 1279 799 1318 Sub
831 1272 966 1319 vetere
999 1293 1156 1331 quoque
1188 1281 1349 1319 foedere
1380 1280 1491 1318 verbi
1522 1281 1697 1318 ministe-

191 1349 295 1388 rium
335 1336 591 1387 inchclesia
631 1347 701 1387 Dei
742 1349 870 1400 viguit
904 1348 968 1401 ¹¹),
1008 1362 1077 1387 sua
1118 1361 1276 1400 quoque
1307 1356 1438 1401 patres
1469 1349 1697 1387 habuerunt

192 1416 447 1457 Sacramenta
487 1417 684 1470 (arborem
726 1418 852 1461 vitae,
889 1431 1021 1456 arcam
1052 1417 1155 1462 Noe,
1185 1418 1386 1457 clibanum
1415 1418 1698 1470 fumigantem,

188 1487 532 1526 circumcisionem
568 1487 635 1540 ¹²),
690 1488 817 1525 vellus
862 1495 1041 1526 roratum
1088 1487 1156 1537 ¹³),
1197 1486 1305 1538 alia),
1352 1494 1391 1525 et
1458 1504 1472 1521 >›
1487 1488 1697 1538 utriusque

189 1555 466 1594 »Testamenti
497 1554 846 1593 Sacramentorum
877 1555 983 1593 idem
1014 1560 1054 1591 et
1085 1560 1244 1597 auctor,
1281 1555 1443 1593 eaedem
1474 1556 1696 1606 promissio-

189 1641 205 1659 »
219 1637 310 1669 nes,
341 1624 481 1663 eadem
511 1623 679 1667 veritas,
716 1623 822 1662 idem
849 1624 888 1661 in
911 1622 1069 1661 Christo
1095 1623 1429 1673 complementum
1459 1623 1540 1675 l4).''
1584 1641 1599 1657 >³
1614 1623 1696 1662 Nisi

189 1693 320 1732 »enim
360 1693 485 1732 Deum
525 1693 723 1732 mendacii
762 1705 930 1744 arguere
966 1692 1115 1730 vellent
1145 1691 1302 1736 Iudaei,
1333 1704 1493 1731 neccsse
1523 1693 1599 1730 suit
1630 1705 1698 1731 eos

190 1762 270 1801 »ad
296 1762 496 1801 Christum
523 1762 721 1814 respicere
749 1761 794 1813 ¹⁵)
876 1761 927 1800 Ut
952 1761 1252 1800 concludamus:
1298 1761 1566 1800 »phreniticis
1595 1761 1696 1806 illis,

187 1832 281 1884 »qui
305 1832 471 1883 probare
502 1832 670 1875 student,
700 1832 741 1870 in
772 1838 908 1869 vetere
940 1831 1086 1882 populo
1116 1830 1216 1881 nibil
1247 1843 1422 1888 unquam
1448 1830 1590 1874 fuisse,
1620 1832 1696 1868 nisi

810 1761 831 1774 99

799 1793 805 1800 a

187 1900 433 1939 »umbratile
473 1908 729 1953 gestuum...
771 1913 813 1938 ac
850 1908 1012 1939 sumunt
1046 1900 1234 1951 populum
1267 1900 1377 1938 illum
1409 1912 1493 1938 esse
1525 1899 1695 1951 figuram

189 1967 465 2012 »Ecclesiae‚'’
512 1968 658 2006 acriter
699 1966 805 2006 Calv.
848 1968 1061 2019 obstrepit:
1129 1985 1144 2002 >³
1160 1967 1242 2006 Hoc
1281 1968 1696 2019 pestilentissimum,’'

189 2038 341 2090 inquit,
400 2044 488 2075 »est
518 2037 717 2080 dilirium,
748 2037 854 2088 quod
885 2044 924 2075 ct
951 2043 1124 2075 atrocem
1152 2037 1338 2075 iniuriam
1365 2037 1458 2075 facit
1484 2049 1578 2076 sane
1604 2039 1698 2076 sctis

190 2106 404 2146 »Patribus
443 2112 484 2144 et
523 2104 604 2144 Deo
645 2107 767 2144 etiam
807 2107 925 2158 longe
963 2107 1211 2145 atrociorem.
1269 2105 1332 2144 Sic
1370 2107 1476 2144 enim
1515 2106 1591 2145 suit
1630 2107 1695 2146 ille

228 2271 268 2311 ¹⁰)
297 2271 407 2303 Comm.
432 2270 477 2302 ad
507 2272 590 2303 Gall.
614 2272 671 2304 IV.
702 2273 730 2304 I.
755 2272 908 2304 Similiter
932 2273 966 2304 in
999 2274 1109 2305 Comm.
1141 2273 1186 2304 ad
1216 2273 1321 2305 Emod.
1351 2272 1425 2304 XII.
1459 2273 1510 2304 14.
1543 2274 1694 2304 testatur:

193 2325 327 2364 „foedus
351 2335 482 2362 novum,
507 2335 570 2356 non
593 2326 675 2368 quod
699 2326 737 2358 ad
760 2326 968 2358 substantiam
988 2327 1138 2358 interitus
1162 2330 1208 2359 est
1231 2327 1366 2365 veteris,
1391 2325 1444 2357 sed
1468 2326 1548 2368 quod
1572 2326 1611 2358 ad
1634 2327 1694 2358 for-

190 2391 274 2413 mam
298 2378 482 2411 duntaxat?

229 2435 270 2476 ¹¹)
295 2436 375 2467 Inst.
402 2434 455 2466 IV.
481 2435 511 2467 1.
537 2435 567 2467 6.
702 2435 743 2475 ¹2)
772 2437 884 2468 Comm.
909 2437 954 2469 acl
980 2438 1054 2469 Gen.
1078 2436 1144 2469 XV.
1170 2436 1221 2469 17.

229 2491 268 2531 ¹³)
294 2491 375 2521 Inst.
399 2489 454 2521 IV.
481 2490 539 2528 14,
566 2490 622 2528 12,
649 2491 704 2529 18;
730 2491 909 2524 Admonitlo
932 2494 989 2523 ult.
1013 2492 1058 2523 ad
1084 2501 1110 2523 J.
1134 2500 1276 2523 WESTPH.
1301 2491 1388 2523 Toni.
1413 2490 1504 2521 VIII.
1531 2490 1631 2529 6961),-
1656 2491 1694 2523 cle

190 2556 263 2577 vera
291 2545 365 2576 Chri
380 2547 468 2586 part.
491 2545 524 2576 in
552 2546 664 2577 Coena.
689 2546 731 2577 ib.
757 2558 786 2588 p.
813 2546 886 2580 741.

229 2600 270 2641 ¹⁴)
296 2600 405 2632 Antid.
428 2600 462 2630 in
486 2599 568 2632 decr.
603 2601 692 2633 Cone.
725 2601 809 2633 Tricl.
838 2603 917 2634 SeSS.
942 2602 1015 2634 VII.
1048 2613 1072 2634 c.
1101 2603 1129 2633 2.
1154 2603 1240 2634 Tom.
1264 2601 1356 2633 VIII.
1382 2613 1411 2643 p.
1438 2602 1525 2634 256³.
1551 2601 1588 2633 cf.
1613 2602 1693 2632 Inst.

192 2655 248 2687 IV.
274 2656 325 2686 14.
351 2656 411 2694 20,
436 2655 487 2687 23.

229 2710 269 2750 ¹⁵)
298 2710 407 2741 Comm.
430 2710 464 2741 in
488 2711 582 2742 Dent.
601 2711 722 2743 XVIII.
749 2712 799 2744 15.
826 2713 864 2745 cf.
886 2714 965 2745 Itzsl.
991 2713 1035 2745 II.
1061 2714 1090 2744 6.
1114 2713 1142 2744 2.
1167 2712 1278 2754 Praef.
1304 2713 1336 2743 in
1359 2712 1407 2743 ed.
1433 2713 1473 2744 N.
1495 2712 1527 2743 T.
1555 2712 1636 2743 Gall.
1660 2722 1689 2742 a.

192 2764 276 2797 1535
301 2765 388 2796 Tom.
414 2764 478 2796 be
502 2776 532 2807 p.
557 2766 646 2801 247³.
679 2767 747 2798 Iam
778 2768 957 2809 apparuisse
990 2768 1153 2799 Christum
1185 2767 1251 2799 sub.
1276 2767 1312 2799 V.
1334 2768 1368 2798 T.
1395 2768 1545 2798 testatur:
1580 2767 1689 2798 Comm.

189 2821 224 2852 in
240 2819 341 2852 Exod.
359 2819 452 2851 XIII.
470 2820 527 2857 203
553 2821 661 2854 Prael.
679 2822 712 2853 in
729 2822 813 2854 Dan.
840 2823 876 2854 X.
895 2823 951 2860 16;
977 2824 1009 2854 ιή
1031 2823 1108 2855 Hos.
1128 2822 1166 2854 V.
1190 2824 1226 2860 4;
1252 2822 1314 2864 III.
1337 2823 1372 2860 53
1398 2821 1472 2853 XII.
1498 2823 1535 2859 43
1561 2822 1594 2852 in
1612 2821 1690 2852 Ioc'e'l.

189 2874 237 2907 II.
262 2873 319 2913 173
343 2874 376 2906 in
399 2873 503 2906 Amor.
528 2874 584 2906 IX.
610 2876 667 2914 113
691 2876 724 2908 in
747 2877 856 2909 Micha
872 2877 908 2908 V.
936 2877 972 2915 53
997 2878 1030 2909 in
1053 2878 1134 2909 Hah.
1152 2876 1215 2909 III.
1241 2877 1297 2914 133
1323 2877 1356 2909 in
1379 2877 1471 2909 Zam'c.
1496 2877 1534 2908 X.
1559 2877 1578 2908 8
1602 2875 1690 2908 alibi.
