1849 3239
947 83 1039 120 94-

224 206 351 245 eivilis
381 207 593 259 legislatio,
623 209 788 250 Mosa'ica
819 213 940 252 etiam
969 217 1182 261 austerior,
1212 220 1327 257 anxie
1353 221 1529 274 undique
1560 224 1719 263 dicendi

225 275 448 325 agendique
477 276 704 317 libertatem
736 281 998 322 custodiebat.
1056 283 1105 323 Ut
1136 286 1210 325 alia
1238 294 1409 334 taceam,
1438 304 1457 329 a
1489 299 1593 333 certa
1626 306 1719 345 qua-

223 342 314 381 dam
343 344 550 383 nominum
579 347 701 386 classe
732 349 772 386 in
802 348 997 401 baptismo
1026 360 1112 392 crat
1141 354 1441 404 abstinendum;
1476 361 1631 411 publica
1661 363 1720 400 in·

224 411 426 451 diceretur
456 416 715 461 auctoritate,
754 430 923 468 quorum
952 421 1145 462 librorum
1174 425 1293 464 lectio
1323 434 1426 466 esset
1456 430 1599 475 vetita;
1639 419 1746 470 oms

223 482 285 520 nis
310 482 487 528 saltatIO,
513 497 591 522 una
611 497 700 523 cum
725 487 891 539 reliquis
917 490 1100 530 omnibus
1125 506 1314 533 sensuum
1338 495 1550 543 illecebris,
1581 505 1719 541 severe

224 550 550 591 interdicebatur.
608 553 863 595 plectebatur
895 560 1063 605 mulcta,
1102 563 1169 613 qui
1203 563 1287 602 sine
1327 566 1479 605 sontica
1515 581 1631 610 causa
1661 581 1719 607 sa·

223 632 330 658 cram
359 621 590 660 concionem
619 625 872 675 neglexeram
911 627 1027 674 item,
1066 631 1134 682 qui
1164 640 1252 683 post
1281 635 1510 675 concionem
1548 638 1626 676 iam
1660 638 1719 676 in-

223 688 404 727 choatam
438 703 567 729 sacras
608 693 726 732 aedes
756 695 942 736 intrabat.
1001 697 1076 743 Qui
1115 713 1232 751 porro
1274 716 1344 754 per
1383 704 1528 744 Christi
1571 719 1718 746 nomen

222 757 443 803 iuraverat,
473 758 577 797 foras
605 760 787 801 ediderat
817 776 1039 811 rumorem,
1069 767 1186 808 nimis
1215 773 1326 822 potui
1356 773 1595 820 indulserat,
1636 776 1718 814 sive

223 826 344 864 alium
383 827 626 878 perduxerat
665 830 712 869 ad
753 845 992 884 cauponem,
1037 836 1085 874 ad
1123 850 1247 878 unum
1286 853 1423 881 omncs
1460 844 1719 883 severissimis

222 895 359 946 poenis
388 897 543 948 culpam
573 898 684 938 luere
715 900 926 942 debebant.
973 903 1085 949 Quod
1111 914 1244 946 tamen
1268 909 1385 962 longe
1410 912 1584 951 odiosius
1613 920 1719 959 erat,

221 977 270 1002 ne
301 965 397 1016 quid
423 967 507 1004 sine
533 968 877 1010 animadversione
902 976 1314 1024 praetermitteretur,
1342 980 1494 1020 indices
1518 981 1720 1034 publicum

219 1034 478 1074 merebantur
506 1038 769 1089 stipendium,
809 1041 876 1092 qui
915 1043 1014 1082 clam
1054 1045 1102 1083 ad
1137 1047 1415 1088 consistorium
1446 1051 1508 1089 vel
1537 1050 1719 1090 minutis-

220 1103 317 1142 sima
348 1104 552 1144 deferrent
583 1107 738 1147 delicta.
783 1109 914 1149 »C'est
945 1112 1049 1152 cette
1074 1114 1359 1166 inquisition,''
1390 1125 1434 1157 ut
1464 1120 1518 1158 ait
1550 1118 1719 1166 Saisset,

222 1172 348 1212 »dont
387 1173 520 1213 l’oeuil
556 1176 710 1227 inquiet
749 1185 789 1217 et
828 1181 995 1232 vigilant
1034 1184 1232 1235 penetrait
1267 1187 1456 1240 jusqu'au
1496 1189 1611 1243 foyer
1653 1191 1719 1229 do-

221 1242 444 1294 »mestique
470 1243 534 1296 ⁰).''
865 1254 868 1257 ’

646 1384 673 1437 §5
703 1385 736 1424 3.
794 1385 849 1425 De
877 1387 1071 1429 Ecclesiae
1098 1393 1290 1443 retqimine.

269 1515 505 1568 Supremum
536 1519 577 1558 in
608 1520 806 1562 Ecclesiae
837 1526 1032 1577 regimine
1060 1528 1191 1568 locum
1221 1531 1303 1582 ipse
1334 1531 1518 1572 Calvinus
1557 1547 1719 1586 occupa-

217 1586 305 1632 bat,
335 1600 425 1625 nam
455 1589 496 1626 in
526 1591 764 1630 consistorio
794 1594 959 1645 gerebat
1003 1597 1068 1635 »la
1094 1599 1326 1649 presidence
1361 1603 1381 1640 a
1413 1603 1519 1648 vie,''
1557 1611 1597 1642 et
1635 1605 1720 1656 qui-

218 1656 308 1694 dem
339 1670 406 1696 sua
439 1661 693 1705 auctoritate,
724 1675 814 1701 nam
846 1664 999 1704 addunt
1024 1667 1198 1707 Annales
1228 1670 1428 1721 publicae,
1473 1685 1592 1712 »sans
1622 1675 1719 1725 qu'il

217 1739 273 1777 »y
304 1734 371 1765 cut
402 1736 592 1779 pourtant
636 1731 699 1769 ete
731 1734 868 1784 appele
907 1748 978 1786 par
1008 1749 1159 1777 aucune
1191 1739 1361 1778 election
1390 1740 1453 1794 ¹).''
1510 1742 1631 1781 »Puis
1660 1744 1729 1782 les⁴

217 1803 427 1846 »pasteurs
466 1797 514 1835 de
553 1799 589 1836 la
630 1800 720 1838 ville
735 1801 770 1845 ‚''
812 1809 855 1840 ut
895 1812 1031 1843 narrat
1061 1804 1313 1853 Gaberelius,
1357 1811 1442 1849 »les
1472 1812 1718 1863 professeurs

217 1866 295 1903 »de
327 1865 527 1918 theologie
559 1875 598 1906 et
629 1869 685 1907 les
715 1878 896 1921 pasteurs
921 1873 991 1912 des
1016 1863 1210 1926 paroi'sses
1235 1870 1386 1917 rurales
1415 1880 1634 1920 formercnt
1664 1895 1718 1921 un

218 1947 359 1986 »corps
398 1937 554 1975 nomine
597 1937 634 1975 la
672 1939 868 1979 ve'ne'rable
901 1945 1128 1994 compagynie.
1186 1946 1346 1986 Celle—ei
1376 1958 1445 1988 eut
1476 1963 1576 2001 pour
1606 1953 1717 1991 attri-

218 2005 388 2044 »lintion
428 2007 485 2044 les
524 2007 665 2046 etudes
699 2009 997 2064 the'ologiques,
1027 2014 1375 2056 l'administration
1405 2019 1453 2057 de
1482 2019 1647 2072 l'Eglise
1678 2030 1717 2061 et

217 2091 232 2107 »
246 2075 283 2113 16
314 2075 400 2113 soin
430 2075 479 2113 de
510 2076 546 2114 la
577 2077 777 2123 doctrine,
808 2080 1008 2120 l’election
1039 2083 1108 2122 des
1139 2092 1319 2136 pasteurs
1348 2096 1595 2139 moyennant
1625 2091 1719 2129 rati-

216 2143 406 2182 »fication
436 2145 506 2183 des
534 2147 764 2197 magistrats
794 2157 834 2188 ct
865 2151 918 2189 du
950 2153 1113 2204 peuple,
1233 2155 1330 2194 dont
1355 2157 1391 2196 le
1415 2158 1562 2197 silence
1587 2159 1717 2199 deter-

217 2213 386 2250 »minait
416 2213 452 2251 le
484 2213 602 2252 choix
631 2215 808 2255 de'finitif
828 2217 867 2270 ²).
924 2217 1028 2258 Dans
1067 2221 1103 2259 le
1142 2221 1214 2260 hut
1244 2223 1292 2261 de
1324 2224 1536 2271 s’assurer,
1574 2240 1650 2279 que
1680 2229 1718 2267 la

217 2282 427 2320 »doctrine
459 2283 556 2321 etait
587 2297 684 2335 pure
716 2285 866 2338 chaque
898 2290 1023 2327 annee
1054 2291 1112 2328 les
1141 2299 1320 2342 pasteurs
1349 2294 1500 2334 etaient
1525 2302 1642 2335 tenus
1667 2298 1717 2337 de

217 2367 232 2384 >³
247 2351 343 2389 faire
374 2364 452 2390 une
484 2353 600 2391 visite
631 2354 729 2393 dans
757 2356 814 2394 les
844 2356 1012 2397 familles
1042 2372 1142 2411 pour
1176 2361 1401 2414 interroger
1439 2364 1591 2416 chaque
1630 2380 1717 2419 per-

216 2433 371 2459 »sonne
411 2433 479 2459 sur
517 2434 557 2460 sa
597 2423 650 2461 soi
674 2423 701 2476 ³)
821 2433 861 2464 et
900 2428 969 2466 nul
1008 2441 1058 2467 ne
1098 2431 1262 2481 pouvoit
1299 2432 1554 2485 s'approcher
1592 2436 1641 2474 de
1679 2437 1716 2475 la
1762 2488 1767 2492 .

217 2489 372 2528 »sainte
404 2489 531 2534 table,
562 2491 657 2542 qu'il
688 2492 797 2531 n'eut
828 2504 1071 2546 auparavant
1101 2498 1229 2536 rendu
1256 2508 1411 2552 compte
1441 2502 1490 2540 de
1520 2516 1582 2542 ses
1611 2505 1716 2557 prin-

216 2559 350 2610 »cipes
380 2559 576 2611 religieux
607 2560 671 2613 l¹).''
728 2578 743 2595 >³
758 2561 815 2600 On
856 2564 892 2602 le
933 2566 1035 2610 voit,
1075 2566 1168 2606 c'est
1204 2569 1383 2620 toujours
1413 2572 1450 2610 la
1479 2573 1606 2612 meme
1637 2587 1716 2613 ser-

189 2617 198 2627 ’
216 2627 382 2666 »vitude
409 2628 478 2666 des
499 2629 773 2675 consciences‚
802 2632 837 2670 le
863 2634 991 2673 meme
1017 2635 1256 2687 despotisme
1282 2639 1381 2678 dans
1404 2640 1715 2693 l’organisation.

269 2814 293 2854 ⁶)
319 2823 350 2846 Ε.
376 2823 515 2847 SAISSET.
539 2826 566 2847 o.
584 2815 606 2847 l.
631 2828 659 2859 p.
687 2817 760 2849 643.
1233 2844 1237 2851 ι

268 2868 293 2908 ¹)
323 2866 479 2910 Haeffqc‘stres
495 2869 596 2902 dunat
612 2871 649 2902 de
666 2871 803 2912 Genhw,
820 2874 857 2905 ad
872 2874 900 2906 d.
920 2876 960 2907 29
980 2877 1127 2914 nuFebr.
1147 2889 1173 2912 a.
1189 2881 1284 2913 1580.
1307 2883 1443 2920 (HENRY.
1460 2895 1488 2917 0.
1501 2884 1523 2916 l.
1537 2885 1564 2916 Ι.
1580 2884 1610 2917 S.
1623 2886 1713 2927 469).

267 2923 292 2963 2)
318 2932 480 2958 GABEREL.
505 2936 531 2957 o.
550 2925 570 2957 l.
596 2927 622 2958 Ι.
646 2937 676 2968 p.
702 2928 775 2960 255.
909 2932 934 2972 3)
962 2931 1008 2965 Ib.
1033 2931 1125 2966 254.'
1224 2934 1267 2977 ³¹)
1294 2937 1340 2970 Ib.
1367 2939 1440 2971 336.
