1879 3239
965 81 1015 120 26

244 215 409 253 totidem
442 216 546 254 enim
576 215 707 255 verbis
736 217 818 268 ipse
849 215 1033 254 Calvinus
1058 221 1246 255 testatur:
1286 215 1446 255 »anima
1470 215 1664 256 Ecclesiae
1688 222 1742 257 cst

245 285 414 336 salvifica
447 284 587 324 Christi
617 286 789 324 doctrina
816 285 879 338 ¹).'‘’
938 284 1045 330 Quae
1076 286 1217 331 verba,
1248 299 1365 337 quam
1399 287 1558 338 egregie
1589 287 1741 326 Calvini

244 354 295 392 de
327 355 496 393 Ecclesia
526 362 700 393 mentem
731 355 947 406 explicent,
976 355 1119 393 melius
1149 356 1268 401 etiam
1298 356 1554 408 intelligitur,
1594 357 1662 395 ubi
1692 357 1741 395 de

246 422 316 461 Dei
351 423 392 461 in
434 424 602 462 Ecclesia
639 423 845 462 condenda
885 424 1048 462 consilio
1082 425 1122 463 in
1152 424 1259 463 hunc
1289 425 1449 464 modum
1480 426 1768 464 disserentem·

247 504 337 530 eum
376 492 577 531 audimus:
623 493 743 543 »quia
783 492 936 531 ruditas
975 500 1109 532 nostra
1150 501 1190 532 et
1226 495 1437 546 segnities,
1475 493 1592 546 (addo
1623 494 1743 533 etiam

249 561 427 613 »ingenii
460 561 699 615 vastitatem)
728 562 905 600 externis
935 562 1122 601 subsidiis
1151 563 1354 615 indigent,
1394 563 1537 614 quibus
1576 564 1674 603 fides
1702 564 1744 601 in

248 630 391 668 »nobis
420 637 460 668 et
490 631 678 682 gignatur
708 637 748 668 et
778 638 987 682 augescat,
1016 639 1057 670 et
1088 645 1178 670 suos
1208 633 1324 671 saciat
1356 645 1588 684 progressus
1617 645 1743 684 usque

249 699 326 737 »ad
365 706 532 743 metam,
572 712 616 737 ea
656 711 814 751 quoque
854 700 958 739 Deus
998 701 1171 745 addidit,
1211 714 1289 752 quo
1327 701 1551 741 infirmitati
1584 709 1744 742 nostrae

248 785 264 802 »
278 769 522 806 consuleret:
571 774 691 818 atque
739 772 780 806 ut
822 769 959 819 vigyeret
1004 768 1210 819 Euanqeliz·
1249 770 1485 821 praedicatio
1529 771 1747 810 thesaurum

248 854 263 872 »
279 838 378 876 Immo
403 837 504 888 apud
538 836 746 876 Ecclesiam
775 838 967 889 deposuit:
993 843 1165 889 pastores
1188 839 1353 877 instituit
1377 851 1422 877 ac
1445 840 1631 884 doctores,
1661 852 1745 892 quo-

248 919 361 945 »rum
389 919 452 945 ore
480 919 566 945 suos
594 906 762 946 doceret.-
806 920 874 946 eos
912 907 1156 946 authoritate
1187 908 1397 946 instruxit:
1435 908 1536 947 nihil
1574 909 1745 960 denique

248 992 264 1010 >³
279 976 428 1019 omisit,
468 976 574 1026 quod
614 976 662 1014 ad
698 982 878 1015 sanctum
909 976 1002 1016 fidei
1033 990 1268 1016 consensum
1287 1008 1294 1016 .
1313 1008 1346 1016 ..
1377 977 1526 1016 faceret
1552 977 1620 1029 ²).''
1678 978 1744 1021 Et,

248 1046 359 1097 quasi
398 1046 577 1085 nondum
617 1046 822 1097 perspicua
862 1047 956 1085 satis
994 1047 1092 1085 haec
1123 1054 1256 1086 essent
1296 1047 1344 1085 ab
1383 1059 1430 1085 eo
1470 1046 1670 1098 exposita,
1708 1053 1748 1084 ct

247 1114 370 1155 dubio
400 1115 530 1154 locum
560 1116 853 1167 relinquerent,
883 1117 924 1154 in
950 1116 1090 1155 vicinis
1120 1117 1294 1168 apertius
1320 1116 1440 1156 etiam
1466 1116 1633 1155 eandem
1663 1128 1748 1154 sen-

249 1184 414 1223 tentiam
446 1186 626 1224 elocutus
656 1192 716 1224 est
745 1185 807 1224 his
838 1186 989 1224 verbis:
1034 1187 1265 1230 >›vidcmus,
1294 1193 1338 1225 ut
1364 1185 1489 1230 Deus,
1518 1186 1586 1237 qui
1616 1191 1749 1237 posset

249 1261 480 1293 »momento
510 1267 600 1294 suos
630 1254 838 1306 perficere,
868 1255 968 1293 nolit
999 1261 1133 1294 tamen
1164 1268 1231 1294 cos
1265 1255 1491 1294 adolescere
1522 1245 1748 1293 in'virilem

249 1340 265 1357 »
279 1330 472 1368 aetatem,
502 1325 577 1362 nisi
609 1325 845 1363 educatione
877 1324 1086 1363 Ecclesiae.
1145 1324 1334 1363 Videmus
1368 1325 1530 1363 modum
1561 1324 1749 1375 exprimi:

249 1393 370 1443 »quia
410 1394 635 1445 pastoribus
678 1395 857 1433 iniuncta
901 1401 961 1432 est
1007 1390 1198 1433 Cocles'tis
1245 1395 1449 1433 doctrinae
1495 1393 1748 1445 praedicatio.

250 1461 457 1501 »Videmus
495 1475 620 1501 omnes
658 1463 708 1501 ad
742 1476 858 1502 mium
887 1464 968 1515 cogyi
996 1464 1037 1502 ‘in
1066 1464 1222 1502 ezmdem
1252 1464 1442 1508 ordinem,
1480 1467 1521 1502 ut
1559 1467 1751 1502 mansueto

249 1535 311 1569 »ct
339 1531 453 1569 docili
482 1532 618 1582 spiritu
648 1533 829 1583 rossendos
858 1546 896 1571 se
924 1533 1138 1572 doctoribus
1166 1533 1207 1572 ‘in
1238 1533 1338 1572 himo
1365 1546 1475 1571 usum
1504 1532 1640 1570 creatis
1665 1544 1749 1582 per·

249 1617 264 1634 »
277 1601 428 1639 mittant
454 1600 517 1653 ³).'’
576 1600 713 1652 Neque
743 1615 828 1641 csse
857 1602 956 1641 haec
986 1602 1105 1641 verba
1142 1603 1190 1641 de
1222 1602 1475 1640 institutione
1506 1601 1749 1639 catechetica

247 1670 531 1722 intelligenda,
570 1671 638 1710 sed
678 1672 727 1710 de
767 1672 953 1710 universa
983 1671 1281 1711 Ecclesiasticae
1312 1671 1513 1710 societatis
1542 1669 1749 1721 participa-

249 1738 375 1782 tione,
413 1740 462 1777 de
493 1741 599 1778 omni
630 1747 764 1779 nostra
793 1742 834 1780 in
865 1741 1039 1780 Ecclesia
1071 1741 1139 1780 Dei
1175 1741 1497 1784 conversatione,
1538 1746 1650 1778 extra
1679 1739 1749 1778 du-

250 1807 485 1846 bitationem
516 1809 614 1848 haec
644 1811 729 1848 eius
760 1810 880 1849 verba
911 1817 1083 1863 ponunt:
1128 1809 1243 1849 »Non
1283 1810 1433 1861 patitur
1471 1816 1605 1847 nostra
1642 1807 1751 1847 infir-

251 1877 397 1915 »mitas
429 1889 452 1914 a
483 1878 584 1916 scola
613 1891 681 1917 izos
710 1879 870 1921 dimitti,
909 1880 1023 1918 donec
1058 1879 1255 1918 toto'vitae
1285 1891 1398 1917 cursu
1426 1878 1604 1929 discipuli
1633 1877 1750 1927 sueri-

252 1958 363 1984 »mus
388 1946 451 1998 δ).”
510 1946 580 1985 Hic
611 1949 717 1987 enim
762 1948 997 1988 »doctrinae
1027 1962 1122 1988 usus
1152 1956 1232 1992 cst,
1263 1961 1342 1988 non
1372 1954 1528 1986 tantum
1558 1953 1602 1985 ut
1631 1947 1753 1985 rudes

252 2015 537 2060 »initiet,....
570 2016 638 2055 scd
669 2023 733 2061 ut,
764 2017 831 2068 qui
858 2017 935 2055 iam
967 2017 1113 2056 eruditi
1139 2022 1252 2061 sunt,
1281 2016 1406 2067 magis
1437 2028 1480 2053 ac
1509 2016 1634 2067 magis
1664 2027 1753 2053 con-

252 2083 425 2123 »firmet
483 2084 578 2124 Ideo
617 2098 689 2124 nos
728 2086 885 2124 assidue
925 2086 1156 2125 incumbere
1197 2092 1354 2137 oportet
1397 2086 1437 2123 in
1482 2084 1658 2123 studium
1697 2083 1753 2121 di-

254 2171 270 2188 »
284 2154 440 2199 scendi,
469 2161 515 2194 ut
545 2155 644 2194 fides
673 2162 809 2194 nostra
841 2162 926 2194 toto
951 2156 1056 2194 vitae
1087 2168 1205 2193 cursu
1237 2161 1421 2206 augescat
1442 2153 1512 2204 ⁵).⁷⁷
1558 2152 1645 2191 »On
1672 2152 1755 2191 voit

254 2223 371 2274 »de'ja
401 2237 471 2275 par
501 2224 578 2268 la,''
617 2231 661 2263 ut
700 2232 808 2264 recte
844 2226 999 2263 monuit
1039 2224 1247 2267 Corbffire,
1293 2223 1504 2262 »combien
1537 2222 1656 2261 l'idee
1686 2222 1754 2260 Ca-

255 2292 464 2344 »tholiquc
495 2293 543 2333 de
574 2293 731 2345 l'Eglise
762 2295 867 2332 avait
892 2306 1036 2332 encore
1067 2294 1115 2331 dc
1146 2294 1249 2344 prise
1277 2306 1344 2331 sur
1369 2292 1524 2336 Calvin,
1555 2297 1755 2330 comment

256 2378 271 2394 >›
285 2362 359 2400 elle
389 2362 446 2400 lui
477 2363 733 2413 apparaissait
764 2364 856 2402 bien
886 2364 974 2415 plus
1005 2375 1155 2402 comme
1196 2363 1305 2401 canal
1341 2362 1390 2401 de
1429 2363 1565 2413 grace,
1605 2373 1755 2400 comme

257 2431 460 2470 »medium
500 2432 674 2483 gratiae,
714 2444 865 2471 comme
895 2433 1004 2472 mere
1034 2433 1103 2471 des
1133 2432 1290 2476 fideles,
1330 2444 1480 2470 comme
1512 2431 1641 2475 ceole,
1680 2443 1756 2482 que

299 2593 322 2633 ¹)
349 2594 427 2625 Just.
445 2594 500 2626 IV.
520 2594 620 2626 121.
637 2594 674 2626 cf.
702 2595 812 2637 Praef.
836 2596 869 2626 2⁴12
895 2596 1007 2627 Comm.
1033 2595 1078 2627 ad
1099 2597 1185 2628 Ioc'in.
1211 2596 1296 2627 Tom.
1322 2593 1395 2625 Vlb.
1420 2605 1450 2636 p.
1475 2595 1510 2633 1,
1537 2595 1565 2626 2.
1590 2594 1627 2626 cf.
1652 2595 1758 2626 Praei.

258 2648 290 2679 ‘in
315 2648 424 2680 Ierem.
448 2648 535 2681 Tom.
560 2649 615 2682 IV.
640 2659 670 2690 p.
695 2650 771 2682 415.

297 2702 322 2742 2)
347 2704 426 2735 Inst.
451 2702 506 2734 IV.
532 2704 561 2734 1.
588 2705 616 2735 I.
643 2703 681 2735 cs.
705 2705 811 2736 Praei.
827 2705 862 2736 in
885 2706 997 2737 Exech.
1016 2705 1091 2737 VH.
1117 2705 1168 2737 26.
1193 2705 1279 2736 Toni.
1304 2703 1378 2738 Ivb.
1402 2716 1433 2747 p.
1451 2703 1520 2737 65b.
1546 2706 1577 2736 et
1598 2703 1642 2735 II.
1668 2703 1702 2742 5,
1728 2702 1757 2734 6.

258 2758 301 2790 ib.
325 2769 355 2800 p.
382 2760 433 2791 21.
458 2760 489 2789 et
516 2760 624 2792 Comm.
648 2760 682 2792 in
704 2761 763 2802 Ep.
787 2760 834 2792 ad
853 2760 949 2792 Hebr.
974 2761 1038 2794 ΙΙΙ.
1065 2761 1093 2792 2.
1118 2760 1206 2792 Tom.
1230 2760 1304 2792 VH.
1329 2771 1360 2802 p.
1386 2760 1464 2791 528³
1487 2761 1519 2791 et
1542 2769 1567 2791 c.
1590 2757 1681 2790 VIII.
1706 2752 1759 2789 11.

261 2813 303 2846 ib.
327 2824 357 2855 p.
384 2815 434 2846 55.

315 2869 340 2910 3)
367 2870 446 2902 [nst.
471 2869 526 2902 IV.
552 2870 581 2901 1.
607 2870 637 2902 5.
772 2869 796 2909 ¹³)
822 2869 871 2901 Ib.

255 2950 257 2953 .
316 2924 341 2965 ⁵)
370 2926 479 2957 C'omm.
502 2924 536 2956 in
562 2924 576 2955 1
604 2926 649 2956 Io.
674 2924 710 2955 V.
736 2924 788 2957 13.
813 2924 899 2957 Tom.
924 2924 1016 2957 VIIb.
1041 2932 1070 2966 p.
1096 2923 1164 2959 773¹.
