1879 3239
921 69 974 108 22

198 208 415 261 »expedire
447 205 681 258 providebat
714 204 838 247 Deus,
873 209 918 242 ut
948 203 1159 247 sciremus,
1190 203 1257 253 qui
1287 202 1402 241 nobis
1431 203 1604 242 habendi
1632 215 1704 255 pro

200 279 352 330 „ipsius
392 276 481 314 filiis
517 281 670 318 essent,
700 273 774 311 hac
804 273 844 310 in
875 279 988 323 parte
1020 284 1060 310 se
1091 272 1222 323 captui
1254 278 1393 310 nostro
1423 273 1704 313 accomodavit.

201 339 280 385 »Et
325 345 510 397 quoniam
556 343 650 382 fidei
695 341 894 380 certitudo
938 341 1182 378 neccessaria
1232 353 1313 395 non
1358 348 1464 386 erat,
1507 342 1706 393 quoddam

202 415 438 454 »charitatis
468 413 658 451 iudicium
690 411 775 449 eius
805 410 892 448 loeo
921 409 1150 453 substituit,
1181 422 1259 461 quo
1288 422 1358 461 pro
1390 409 1562 449 Ecclesia
1586 423 1706 449 mem-
1748 429 1752 433 ·

204 502 220 519 >›
233 484 315 523 bris
345 494 623 534 agnoscamus,
663 480 730 531 qui
762 486 801 517 et
831 478 925 517 fidei
955 479 1201 517 consessione
1231 486 1271 517 et
1301 479 1407 517 vitae
1437 480 1638 531 exemplo,
1668 486 1709 518 et

205 556 571 591 »sacramentorum
598 546 902 598 participatione
929 546 1102 584 eundem
1128 545 1335 584 nobiscum
1361 545 1485 584 Deum
1511 559 1554 584 ac
1579 546 1708 584 Chris-

205 627 320 659 »tum
365 616 606 670 profitentur
631 614 714 666 3²³).''
780 613 921 659 Vides,
961 627 1032 666 pro
1075 613 1146 653 Dei
1185 615 1276 653 filiis
1315 619 1604 666 agnoscuntur,
1643 615 1710 666 qui

206 702 297 729 eum
327 686 569 739 profitentur
598 684 899 727 tantummodo,
939 691 979 721 et
1009 690 1179 734 utraque
1210 683 1385 722 Ecclesia
1415 685 1575 736 egregie
1605 685 1712 723 inter

207 770 249 796 se
289 756 562 808 permiscetur.
600 776 651 781 —
691 751 880 803 Legimus
919 752 960 789 in
990 752 1150 790 vicinis:
1187 765 1293 790 »usu
1323 753 1458 791 venire
1489 760 1638 804 potest,
1667 760 1712 792 ut

209 837 335 878 »quos
379 836 459 862 non
506 821 667 860 omnino
706 821 935 872 putabimus
974 821 1116 872 dignos
1166 833 1250 860 esse
1296 823 1452 873 piorum
1492 824 1712 868 consortio,

210 912 225 929 »
241 899 412 932 tractare
453 899 587 930 tamen
628 891 754 929 instar
790 890 960 928 fratrum
999 896 1039 928 et
1069 889 1249 929 fidelium
1279 890 1365 928 loeo
1394 890 1542 930 habere
1573 892 1714 930 debea-

209 981 224 999 ,ι
238 975 347 1006 mus,
376 967 540 1013 propter
569 971 820 998 communem
851 959 1330 1004 Ecclesiaeconsensum,
1362 972 1439 1011 quo
1464 960 1650 999 seruntur
1676 967 1716 1000 et

208 1033 463 1070 »tolerantur
492 1030 532 1067 in
564 1028 710 1067 Christi
740 1041 903 1080 corpore
921 1028 1003 1082 34).”
1062 1028 1214 1074 Quibus
1244 1030 1389 1068 iterum
1416 1030 1549 1069 verbis
1572 1031 1718 1068 misere

209 1114 294 1140 sese
325 1099 555 1151 impedivit,
585 1111 714 1149 neque
746 1104 902 1136 tantum
933 1097 1133 1137 visibilem
1164 1097 1378 1137 Ecclesiam
1409 1112 1498 1137 cum
1528 1099 1719 1138 invisibili

210 1171 296 1210 fuse
331 1169 581 1220 complicuit.
619 1167 688 1206 sed
719 1173 926 1206 externam
957 1180 1115 1219 quoque
1146 1166 1344 1207 Ecclesiae
1376 1168 1719 1220 participationem

215 1253 303 1279 cum
343 1238 437 1276 fidei
477 1237 518 1275 in
549 1236 631 1275 vita
667 1236 922 1276 conturbavit
953 1236 1208 1288 professione.
1237 1259 1290 1264 —
1322 1238 1497 1287 Denique
1526 1236 1720 1287 in'expli-

216 1308 343 1348 cando
375 1307 544 1345 articulo
575 1306 624 1344 de
670 1305 985 1344 »Communione
1016 1305 1277 1344 sanctorum²³
1312 1307 1351 1344 in
1383 1307 1552 1344 similem
1582 1305 1723 1343 incidit
1775 1301 1777 1305 ’

215 1389 415 1420 errorem,
445 1375 514 1413 ubi
540 1375 827 1413 sanctissimam
857 1375 965 1413 illam
991 1375 1346 1420 consociationem,
1377 1388 1494 1427 quam
1521 1375 1561 1413 in
1588 1373 1721 1426 Symb.

218 1446 287 1497 Ap.
317 1444 536 1483 confitetur
564 1444 681 1483 unice
712 1444 796 1483 sere
827 1444 876 1482 ad
906 1443 1120 1482 Ecclesiam
1151 1444 1216 1483 vis.
1247 1444 1388 1488 refert,
1417 1445 1491 1483 etsi
1518 1445 1591 1482 soli
1616 1443 1723 1482 invia.

217 1514 417 1553 Ecclesiae
449 1513 607 1565 proprie
639 1513 725 1551 iure
755 1512 854 1551 haec
884 1512 1156 1551 denominatio
1186 1514 1375 1564 competit
1402 1513 1458 1564 3⁵).
1503 1511 1607 1550 Alibi
1638 1524 1723 1549 rur-

218 1595 284 1622 sus
314 1583 355 1621 in
385 1582 632 1620 contrarium
663 1581 805 1619 vitium
835 1581 970 1619 induci
1001 1593 1042 1619 se
1072 1593 1209 1632 passus
1239 1587 1319 1624 est,
1355 1594 1427 1618 nec
1463 1581 1608 1619 desunt
1646 1593 1724 1619 om-

219 1653 315 1691 nino
352 1652 447 1695 loci,
489 1652 529 1689 in
571 1650 714 1702 quibus
755 1649 971 1689 Ecclesiam
1006 1649 1200 1688 visibilem
1241 1650 1429 1688 invisibili
1469 1650 1726 1689 substitutam

221 1720 570 1774 deprehendimus.
629 1720 804 1759 Ecclesia
843 1718 926 1763 vis„
972 1726 1017 1757 ut
1056 1719 1157 1757 infra
1197 1719 1438 1763 videbimus,
1482 1732 1571 1758 suas
1605 1718 1727 1757 habet

221 1797 358 1834 notas,
395 1790 666 1828 ministerium
706 1789 817 1828 verbi
861 1795 901 1827 et
946 1795 1285 1843 sacramentorum
1330 1788 1727 1827 administrationem.

224 1859 298 1899 Ubi
325 1871 420 1911 ergo
447 1866 564 1898 notae
595 1859 685 1897 illae
717 1859 884 1902 desunt,
914 1858 1032 1896 desiit
1064 1857 1249 1896 Ecclesia.
1294 1856 1376 1895 Iam
1402 1857 1574 1896 defuisse
1599 1858 1728 1909 signa-

224 1930 311 1968 cula
350 1929 426 1967 ista
465 1941 535 1980 per
575 1928 809 1966 continuum
849 1927 1097 1965 sacculorum
1129 1928 1271 1965 seriem
1302 1925 1501 1965 Ecclesiae
1531 1927 1729 1966 Romanae

226 1998 403 2038 libenter
426 2004 562 2036 noster
592 1997 786 2035 concedit.
845 1995 950 2034 »Pro
981 1996 1138 2039 verbi,'⁷
1169 1997 1316 2047 inquit,
1362 1997 1614 2035 »ministerio
1645 2008 1730 2048 per-

227 2079 369 2107 »versa
410 2071 450 2104 et
479 2065 697 2103 mendaciis
727 2063 896 2102 conflata
927 2064 1007 2102 illic
1042 2070 1184 2116 regnat
1224 2064 1482 2115 gubernati0;
1521 2065 1562 2102 in
1602 2065 1731 2103 locum

229 2136 413 2175 »Coenae
445 2133 604 2172 Domini
633 2134 907 2172 foedissimum
938 2134 1189 2185 sacrilegium
1220 2133 1363 2178 subiit,
1402 2157 1453 2162 —
1491 2134 1622 2172 cultus
1661 2132 1731 2172 Dei

229 2222 245 2239 n
259 2217 337 2244 non
368 2203 534 2242 serenda
565 2203 897 2255 superstitionum
927 2203 1112 2255 congerie
1144 2203 1406 2248 deformatus,
1435 2203 1615 2241 doctrina
1647 2209 1731 2241 tota

231 2274 416 2325 »sepulta
455 2278 496 2311 et
537 2272 697 2324 explosa
738 2279 818 2316 cst,
861 2271 1008 2323 publici
1053 2279 1272 2311 conventus
1315 2272 1562 2311 idololatriae
1606 2272 1733 2310 scolae

232 2349 354 2381 »sunt
381 2341 472 2395 ³⁶);''
502 2365 555 2369 —
583 2354 679 2394 ergo
709 2341 915 2380 fatendum
954 2341 1111 2380 fuisset:
1151 2340 1326 2380 Cessavit
1367 2339 1552 2379 Ecclesia.
1611 2339 1734 2379 Calvi-

232 2426 307 2451 nus
338 2419 471 2450 tamen
504 2411 584 2450 suis
615 2412 736 2463 ipsius
761 2411 942 2449 irretitus
966 2411 1118 2462 laqueis
1145 2410 1315 2462 idipsum
1340 2416 1480 2462 negat,
1512 2416 1551 2448 et
1576 2410 1734 2448 recalci-

234 2481 376 2520 trando
408 2480 578 2519 evadere
609 2479 795 2518 intendit.
840 2479 1002 2518 Censuit
1033 2480 1136 2518 enim
1168 2479 1459 2518 »vehementer
1484 2492 1617 2517 errare
1648 2492 1736 2523 eos,
1790 2497 1794 2502 ·

235 2550 333 2602 »qui
363 2549 412 2588 ad
442 2556 621 2601 pastores
646 2549 848 2593 referunt,
879 2549 984 2600 quod
1010 2549 1058 2588 de
1084 2555 1275 2601 perpetua
1301 2548 1499 2587 Ecclesiae
1526 2549 1736 2588 duratione

237 2618 524 2670 »promittitun
583 2617 719 2670 Neque
750 2618 855 2657 enim
886 2619 917 2657 si
948 2619 1079 2657 desint
1108 2624 1306 2670 pastores,
1337 2618 1426 2656 ideo
1461 2618 1642 2669 protinus
1671 2618 1736 2656 de-

236 2688 395 2726 »sinere
437 2688 659 2727 Ecclesiam.
717 2686 883 2733 Latet,⁷’
924 2688 1076 2740 inquit,
1121 2687 1352 2725 »interdum
1392 2686 1574 2739 fugitque
1613 2687 1737 2725 homi-

275 2848 316 2889 33)
343 2848 423 2880 Inst.
448 2847 503 2881 IV.
529 2849 559 2880 1.
585 2850 614 2882 8.
750 2850 791 2890 34)
817 2851 895 2883 Just.
921 2849 977 2882 IV.
1003 2851 1032 2882 1.
1058 2851 1088 2882 9.
1223 2848 1269 2889 35)·
1289 2850 1368 2881 Inst.
1392 2848 1447 2881 IV.
1474 2850 1502 2881 1.
1530 2849 1559 2881 3.

275 2904 317 2945 3⁶)
341 2904 422 2937 Insl.
445 2902 502 2938 IV.
527 2903 556 2937 2.
582 2904 611 2936 2.
