1879 3239
956 78 1007 116 30

236 214 335 254 adeo
372 219 438 259 ut,
491 213 747 265 »quicunque
790 224 875 251 sese
914 217 1119 263 separant,
1158 217 1199 250 et
1243 211 1482 251 abscindunt
1526 219 1665 264 sponte
1709 224 1731 250 a

235 289 384 323 »coetu
427 282 627 327 fidelium,
675 282 795 321 iidem
845 293 931 319 sese
978 294 998 319 a
1047 293 1171 333 regno
1215 280 1423 319 Coelorum
1468 281 1628 321 eiiciant
1659 281 1731 335 2);”

237 352 425 404 »quando
454 363 535 390 non
565 352 664 390 alius
694 356 754 388 cst
783 350 824 388 in
853 350 976 389 vitam
1005 349 1229 401 ingressus,
1254 350 1344 396 ‚nisi
1383 362 1455 389 nos
1493 351 1575 402 ipsa
1604 350 1732 389 conci-

238 423 416 474 npiat,..
456 421 653 472 pariat,..
693 419 771 457 alat
801 418 865 471 ³).”
923 417 1071 463 Quodsi
1111 426 1222 458 extra
1260 418 1473 458 Ecclesiam
1513 420 1561 459 de
1607 420 1756 458 salute‘

237 497 373 531 nostra
412 491 573 529 omnino
612 487 904 539 desperandum
934 494 1011 533 est,
1050 501 1114 527 res
1143 489 1224 541 ipsa
1254 487 1430 540 flagitat,
1465 495 1510 528 ut
1539 488 1734 534 Ecclesia,

239 573 340 612 quae
370 566 429 599 est
461 560 540 598 sola
571 558 796 602 salutifera,
825 558 876 596 sit
906 558 1037 596 etiam.

293 630 350 668 2⁰.
393 629 598 679 Perpetua,
643 628 751 679 quod
788 629 990 679 perspexit
1024 628 1143 666 etiam
1182 627 1386 673 Calvinus,
1425 628 1494 667 ubi
1532 622 1735 671 cencedit,

241 696 358 735 »fieri
388 708 466 733 non
492 707 626 746 posse,
655 701 700 733 ut
725 693 899 733 Ecclesia
925 695 1139 734 intercidat
1160 695 1232 747 4),”
1262 697 1368 735 unde
1394 697 1590 748 sequitur,
1620 696 1736 735 »fieri

242 777 350 803 »non
389 775 523 815 posse,
568 768 612 800 ut
651 761 833 801 diabolus
871 775 961 800 cum
1000 770 1084 801 toto
1123 763 1261 802 mundi
1301 772 1491 816 apparatu
1525 766 1737 805 Ecclesiam

241 849 258 869 η
271 845 446 884 unquam
476 832 629 877 deleat,
659 844 759 882 quae
789 832 830 869 in
860 838 1025 870 aeterno
1055 831 1201 870 Christi
1232 834 1329 871 solio
1358 834 1523 873 fundata
1554 843 1613 874 est
1638 835 1703 889 ⁵).''

294 902 350 941 3⁰.
394 900 568 940 Ecclesia
592 900 816 951 infallibilis
841 905 914 946 est,
941 902 1022 940 sive
1049 901 1155 952 quod
1180 902 1360 947 latinius,
1383 903 1430 940 ab
1454 915 1581 942 errore
1604 915 1738 948 vacum

242 971 457 1011 confitetur
486 971 612 1010 enim:
656 971 914 1016 »veritatem,
944 971 1038 1009 dum
1063 971 1105 1009 in
1133 970 1331 1010 Ecclesiae
1361 972 1451 1010 sinu
1476 973 1740 1017 continemur,

243 1054 427 1092 »semper
465 1039 581 1079 nobis
619 1047 911 1085 constaturam,
956 1041 1085 1079 securi
1128 1053 1263 1080 sumus
1292 1041 1357 1094 ⁶).”
1425 1040 1533 1086 Quae
1574 1042 1741 1081 assertio

243 1110 441 1163 quomodo
485 1110 714 1161 accipienda
757 1111 827 1155 sit,
871 1110 953 1161 ipse
992 1122 1064 1148 nos
1103 1110 1219 1149 docet
1259 1110 1444 1149 Calvinus
1482 1110 1545 1149 his
1588 1111 1741 1150 verbis:

244 1180 352 1220 »Nos
382 1181 413 1219 si
444 1181 585 1219 demus
613 1192 746 1218 errare
776 1192 855 1218 non
886 1192 999 1232 posse
1029 1179 1242 1218 Ecclesiam
1274 1180 1315 1218 in
1344 1180 1464 1219 rebus
1493 1181 1542 1219 ad
1572 1181 1742 1219 salutem

244 1250 526 1289 »nccessariis:
551 1249 617 1287 hic
646 1261 784 1288 sensus
809 1257 945 1288 noster
969 1256 1049 1293 est,
1079 1249 1170 1288 ideo
1194 1249 1270 1287 hoc
1295 1262 1402 1293 6556,
1432 1250 1537 1300 quod
1563 1238 1743 1288 abdicata

244 1320 380 1358 »omni
410 1333 479 1358 sua
509 1319 725 1371 sapientia,
755 1332 774 1357 a
807 1318 870 1371 Sp.
901 1325 985 1358 scto
1015 1319 1148 1358 doceri
1174 1331 1214 1357 sc
1245 1332 1316 1370 per
1344 1319 1509 1357 verbum
1540 1318 1611 1357 Dei
1646 1319 1743 1370 pati-

245 1405 261 1423 >³
276 1395 352 1427 tur.
410 1387 675 1433 Quamobrem
705 1400 786 1427 non
816 1401 865 1427 ex
895 1401 934 1427 sc
965 1389 1089 1440 sapiat
1120 1387 1314 1433 Ecclesia,
1345 1400 1423 1426 non
1454 1401 1503 1427 cx
1528 1400 1569 1427 se
1595 1389 1745 1439 cogitet

245 1458 498 1509 »quicquam
555 1456 599 1495 In
630 1457 737 1496 hunc
764 1456 927 1495 modum
957 1463 997 1494 et
1028 1456 1211 1494 omnibus
1239 1456 1404 1495 rationis
1438 1469 1532 1495 suae
1571 1456 1762 1505 inventis·

246 1526 445 1565 »diffiden
485 1527 525 1565 in
562 1525 707 1577 quibus
747 1532 881 1564 autem
920 1525 1044 1564 verbo
1083 1524 1153 1563 Dei
1182 1526 1346 1569 nititur,
1386 1526 1494 1564 nulla
1525 1525 1745 1564 diffidentia

246 1603 345 1636 »aut
369 1595 634 1634 haesitatione
661 1594 880 1639 vacillabit,
910 1594 979 1633 sed
1005 1606 1147 1646 magna
1170 1594 1411 1632 certitudine
1438 1594 1630 1645 firmaque
1657 1606 1747 1631 con-

246 1666 422 1705 »stantia
448 1665 703 1715 conquiescet
722 1663 793 1717 ⁷);”
823 1676 915 1702 nam
954 1663 1179 1702 »Ecclesiae
1205 1664 1420 1701 auctorit-as
1447 1663 1567 1702 verbo
1593 1675 1747 1701 annexa

247 1742 353 1780 »est‚
383 1747 523 1786 sponsa
553 1746 716 1786 sponso,
756 1734 948 1785 discipula
986 1733 1176 1784 magistro
1216 1732 1463 1771 subiicienda
1499 1739 1577 1776 est,
1612 1739 1652 1771 et
1683 1730 1748 1783 Sp.

249 1824 265 1840 »
279 1813 406 1849 setus,
437 1806 504 1857 qui
531 1805 571 1844 in
596 1817 753 1843 omnem
779 1804 991 1843 veritatem
1016 1803 1126 1841 ducit
1151 1815 1240 1841 cum
1266 1802 1388 1841 verbo
1415 1801 1485 1840 Dei
1511 1802 1748 1840 coniunctus

249 1882 339 1914 »est
368 1874 436 1927 ⁸).’'

303 1946 359 1983 4⁰.
404 1943 578 1982 Ecclesia
606 1954 685 1981 una
714 1946 787 1986 est,
817 1955 908 1980 nam
953 1941 1080 1980 »duas
1110 1947 1179 1980 aut
1208 1947 1289 1979 tres
1318 1941 1499 1980 invenire
1529 1953 1609 1978 non
1634 1941 1749 1984 licet,

250 2014 375 2065 »quin
415 2013 665 2064 discerpatur
698 2024 840 2063 corpus
870 2010 1015 2049 Christi
1041 2010 1106 2063 ⁹).”
1164 2009 1392 2048 »Ecclesiae
1422 2010 1618 2048 unitatem
1632 2008 1664 2053 ,''
1695 2010 1751 2047 in-

251 2083 358 2135 quit,
398 2089 622 2120 »testamur
660 2081 774 2119 nobis
813 2086 1102 2118 sacrosanctam
1134 2091 1240 2123 esse,
1270 2085 1310 2117 et
1341 2078 1550 2118 anathema
1581 2090 1752 2130 pronun-

253 2151 432 2190 »ciamus
462 2157 600 2188 contra
632 2161 789 2193 omnes,
820 2148 888 2199 qui
918 2161 1004 2186 eam
1035 2148 1115 2186 ullo
1144 2147 1263 2186 modo
1293 2147 1531 2186 violaverint
1558 2147 1638 2200 ¹⁰).''

307 2221 362 2260 5⁰.
407 2219 464 2258 Aca
495 2217 783 2257 sanctimoniam
819 2217 984 2256 tendens.
1041 2215 1218 2256 »Verum
1249 2216 1410 2269 quidem
1441 2223 1520 2262 cst,
1565 2217 1671 2268 quod
1701 2217 1755 2255 ait

308 2374 333 2413 2)
362 2373 452 2414 Conf.
467 2372 529 2414 fid.
554 2383 584 2404 n.
614 2372 696 2404 Gall.
720 2372 805 2404 Eccl.
829 2372 916 2404 Tom.
941 2371 1033 2403 VIII.
1057 2383 1088 2414 p.
1113 2371 1183 2404 95¹2.
1317 2373 1343 2412 2>
1368 2374 1447 2405 Inst.
1471 2372 1527 2405 IV.
1553 2373 1583 2404 1.
1607 2373 1640 2405 4.

308 2428 334 2468 4)
365 2430 445 2462 Vera
469 2427 551 2459 Eccl.
575 2427 635 2469 ref.
659 2429 720 2459 rat.
746 2427 833 2458 Tom.
857 2427 950 2459 VIII.
976 2426 1066 2462 2871).

308 2483 333 2523 5)
358 2485 439 2515 Inst.
462 2482 507 2513 ΙΙ.
533 2481 584 2512 15.
611 2482 662 2513 13.
687 2481 725 2513 cf.
749 2480 792 2513 ib.
816 2481 872 2513 IV.
898 2482 926 2513 I.
952 2482 989 2520 3,
1014 2481 1066 2515 17.
1091 2482 1122 2513 et
1146 2489 1290 2514 HANSEN.
1314 2492 1342 2515 ο.
1359 2482 1380 2515 l.
1405 2494 1435 2525 p.
1461 2483 1512 2518 67.

310 2539 334 2579 6)
363 2541 442 2571 Inst.
466 2537 522 2569 IV.
547 2538 576 2569 1.
603 2537 631 2568 2.
767 2536 792 2577 7)
818 2538 897 2569 Just.
921 2536 978 2570 IV.
1005 2538 1033 2569 S.
1060 2536 1111 2569 13.

308 2593 335 2634 8)
362 2596 442 2626 Inst.
466 2592 522 2625 IV.
548 2593 577 2623 8.
604 2593 655 2625 13.
681 2592 720 2625 cf.
744 2601 889 2625 HANSEN.
914 2603 941 2624 o.
959 2592 981 2625 l.
1005 2603 1035 2634 p.
1061 2592 1112 2625 63.
1137 2592 1312 2626 comnena.
1337 2604 1364 2626 0.
1382 2592 1404 2626 1.
1428 2605 1458 2635 p.
1484 2594 1536 2626 10.

312 2649 336 2689 ⁹)
363 2652 443 2681 Inst.
467 2648 524 2680 IV.
549 2648 578 2680 1.
604 2648 634 2679 2.

297 2703 338 2744 10)
364 2705 412 2736 De
434 2715 501 2735 nec.
524 2704 586 2745 ref.
610 2703 697 2735 Eccl..
718 2703 806 2735 Tum.
830 2702 922 2736 vm.
947 2713 978 2744 p.
997 2702 1067 2736 591³.
1092 2703 1130 2735 cs.
1154 2704 1233 2735 Just.
1259 2702 1314 2736 IV.
1340 2704 1370 2734 1.
1393 2704 1430 2741 9,
1455 2704 1512 2742 10,
1538 2702 1595 2742 12,
1619 2703 1676 2741 14,
1701 2702 1760 2748 18,

261 2759 319 2797 19;
350 2758 404 2789 IV.
428 2759 457 2791 2.
484 2759 519 2796 5,
551 2759 587 2797 63
625 2757 682 2791 IV.
714 2758 744 2791 6.
780 2760 818 2796 4;
848 2758 903 2789 IV.
935 2759 965 2790 9.
1000 2759 1053 2797 133
1084 2757 1140 2789 IV.
1170 2757 1221 2790 13.
1249 2758 1307 2796 14;
1337 2755 1393 2791 IV.
1422 2757 1474 2790 14.
1505 2757 1563 2796 193
1593 2757 1631 2788 de
1662 2757 1762 2789 Coena

261 2815 349 2846 Dom.
382 2813 470 2845 Tom.
500 2811 593 2844 VIII.
619 2809 672 2851 9¹³3
700 2813 768 2845 Cat.
796 2815 871 2845 Gen.
895 2813 982 2845 Tom.
1005 2812 1097 2845 VIII.
1126 2813 1199 2852 16³3
1225 2813 1317 2855 Resp.
1340 2813 1387 2845 ad
1406 2813 1516 2855 verszsp.
1541 2812 1651 2855 queml.
1675 2811 1763 2845 Tom.

261 2868 354 2899 VIII.
379 2868 473 2906 3122;
498 2869 556 2911 Ep.
584 2869 666 2900 Calv.
685 2869 744 2910 Op.
761 2868 849 2900 Tom.
867 2867 941 2902 IXb.
956 2879 987 2910 p.
1006 2869 1077 2908 12³3
1105 2869 1216 2901 Comm.
1239 2861 1284 2901 ad
1305 2869 1322 2900 1
1352 2870 1402 2902 Co.
1430 2868 1457 2902 1.
1483 2868 1541 2906 10,
1565 2869 1596 2901 et
1619 2876 1763 2900 HANSEN.

263 2933 291 2954 o.
307 2921 330 2955 l.
354 2933 385 2964 p.
402 2921 456 2955 26.
481 2924 518 2954 ut
540 2923 572 2954 et
596 2923 773 2956 conmixta.
797 2933 825 2956 o.
842 2923 864 2956 1.
889 2934 920 2965 p.
945 2924 997 2956 10.
1055 2929 1060 2933 ’
