1849 3239
910 75 930 114 1
939 75 990 115 70

202 208 412 261 Euangelii
440 210 574 248 lumen
604 209 805 261 praeferre
834 209 883 247 iis
910 209 1067 253 malint,
1097 208 1164 260 qui
1190 208 1230 247 in
1255 208 1432 248 tenebris
1456 209 1585 249 adhuc
1609 222 1695 249 ver-

204 286 362 324 santur,
400 285 520 330 atque
551 279 738 318 oberrant
760 278 799 330 ⁵).
856 277 979 316 Multo
1014 279 1133 317 etiam
1165 278 1375 330 benignius
1405 286 1538 318 autem
1568 279 1617 318 de
1648 279 1696 317 iis

205 349 353 386 sentire
382 349 503 392 solet,
537 349 604 399 qui
634 349 740 386 inter
769 346 1040 386 Protestantes
1068 347 1264 385 diversam
1293 347 1475 385 nonnihil
1510 349 1549 386 in
1579 349 1697 387 sacris

205 417 463 456 emendandis
490 417 658 469 ingressi
688 423 802 455 crant
834 417 946 455 viam.
1000 415 1314 467 Quantacunque
1345 417 1395 455 sit
1425 416 1474 454 ab
1504 418 1581 456 illis
1611 430 1696 456 sen-
1742 422 1747 426 ’

205 487 354 525 tentiae
384 499 478 525 suae
508 486 754 530 differentia,
794 498 864 537 pro
893 485 1082 524 fratribus
1112 492 1244 524 tamen
1283 486 1322 523 in
1353 484 1508 524 Christo
1537 500 1604 525 eos
1634 500 1698 538 ag·-

207 556 356 600 noscit,
386 560 425 592 et
455 565 592 592 severe
623 560 750 597 vetat,
781 565 859 591 »ne
891 553 978 604 quis
1012 565 1080 591 eos
1110 553 1158 592 ab
1189 553 1385 591 Ecclesiae
1417 554 1604 593 societate
1635 567 1699 593 ex-

209 624 370 662 »cludat
392 622 455 676 6).”
513 620 844 661 »Mansuetudine
882 623 1012 674 potius
1052 628 1092 660 et
1131 623 1323 673 patientia
1364 609 1578 662 vincendos
1616 636 1699 662 esse

209 690 381 743 »e0s⁷)'’
411 690 648 735 arbitratur,
679 698 797 742 atque
828 702 875 729 ex
906 691 1026 729 animi
1058 692 1255 729 sententia
1287 692 1516 730 »meliorem
1543 693 1590 731 iis
1616 705 1701 744 prc-

210 767 351 799 »catur
390 768 564 798 mentem
589 759 661 812 ὃ).”
721 761 766 798 Et
805 761 836 798 si
874 760 941 811 qui
981 761 1058 798 sint
1094 761 1200 798 inter
1229 773 1296 799 eos
1326 761 1473 812 pietate
1510 762 1700 814 insignes,

211 836 455 868 »veneratur
499 841 566 867 eos
604 829 914 880 memoriamque
960 829 1118 867 illorum
1157 838 1444 868 sacrosanctam
1483 831 1598 882 plane
1636 831 1703 869 ha-

211 899 308 938 »bet
335 898 402 951 ⁹).''
471 897 521 937 Ut
560 898 683 950 igitur
723 898 919 936 unanimis
959 898 1164 937 doctrinae
1203 911 1417 937 consensus
1462 911 1598 938 omnes
1637 900 1704 937 ali-

212 967 369 1019 quando
399 967 635 1019 coniungat,
661 967 760 1006 nibil
789 968 933 1006 unitati
962 967 1158 1006 Ecclesiae
1185 968 1308 1019 magis
1333 968 1518 1019 prodesse
1544 969 1705 1014 statuit,

212 1051 328 1089 quam
358 1045 402 1076 ut
433 1038 571 1076 sedulo
602 1051 793 1076 venemur
825 1050 980 1081 omnes,
1007 1050 1199 1088 quaenam
1226 1038 1277 1076 sit
1302 1038 1591 1076 sententiarum
1617 1051 1705 1077 cou-

212 1106 496 1160 venientia10),
526 1114 566 1146 ct
596 1120 662 1152 ea,
693 1120 792 1158 quae
822 1108 1014 1146 dividere
1035 1107 1241 1146 Ecclesiam
1268 1114 1459 1159 pergunt,
1490 1108 1623 1146 amicis
1650 1108 1707 1146 in-

213 1177 364 1215 stitutis
393 1177 599 1228 colloquiis
627 1177 676 1215 ad
707 1178 891 1215 amussim
920 1177 1122 1228 Euangelii
1147 1176 1190 1228 11)
1215 1188 1451 1228 componere
1478 1178 1708 1216 studeamus

215 1253 332 1297 atque
363 1246 571 1290 dirimerc;
602 1246 823 1284 istiusmodi
856 1249 988 1284 autem
1020 1246 1245 1297 colloquiis,
1277 1247 1342 1284 »in
1369 1246 1511 1297 quibus
1535 1229 1709 1285 liben⁸ter

216 1302 450 1354 »admoneri
486 1327 526 1353 se
565 1315 732 1366 quisque
772 1316 946 1366 patiatur
985 1315 1033 1353 ab
1068 1314 1270 1372 omnibus,
1301 1322 1419 1366 atque
1449 1316 1548 1354 adeo
1578 1328 1709 1367 reprc-

217 1384 388 1428 »hcndi,
418 1384 543 1422 sicubi
573 1384 703 1435 lapsus
733 1384 783 1422 sit
802 1383 891 1436 l²),''
922 1383 1254 1434 quemadmodum
1285 1384 1367 1435 ipse
1393 1385 1433 1422 in
1459 1384 1594 1422 libello
1625 1383 1709 1422 »De

216 1452 333 1491 missa
364 1452 520 1504 papali''
560 1450 657 1489 hacc
687 1451 728 1489 in
758 1450 836 1490 fine
868 1451 1030 1490 adiecit:
1072 1450 1167 1489 »Dit
1197 1451 1275 1490 heb
1300 1452 1364 1490 ick
1391 1464 1438 1503 op
1464 1452 1533 1490 het
1558 1452 1712 1492 kortste

217 1523 381 1561 »willen
413 1522 584 1560 tocdoen
615 1534 663 1573 op
694 1522 742 1559 de
774 1520 940 1572 vraghe,
971 1521 1035 1559 dic
1071 1522 1136 1570 mij
1170 1520 1440 1572 voorghestelt
1470 1534 1573 1565 was,
1612 1523 1714 1561 ende

216 1607 231 1624 ι)
247 1591 314 1629 bin
361 1591 459 1630 oock
502 1591 655 1643 bcreyd
695 1590 830 1629 strasfe
876 1603 925 1628 an
969 1597 1008 1628 te
1051 1603 1214 1635 nemen,
1254 1590 1294 1641 ja
1335 1591 1432 1629 oock
1472 1592 1640 1630 daervor
1675 1599 1714 1630 te

217 1658 450 1706 »danckem
487 1674 532 1700 zo
571 1662 657 1700 zick
697 1661 853 1700 iemand
892 1662 972 1699 laet
1001 1660 1210 1705 duncken,
1249 1660 1312 1699 ick
1351 1660 1545 1712 gheuoclc
1584 1662 1715 1700 hierin

217 1746 232 1764 »
248 1730 497 1769 onrcchtlick
524 1730 608 1783 ¹³).''

496 1868 523 1921 §
554 1870 588 1908 2.
646 1868 840 1908 Ecclesiae
869 1880 960 1920 crya
987 1861 1252 1919 maqislratmn
1281 1867 1425 1906 relatio.

273 2008 434 2060 Proprie
472 2008 730 2060 magistratus
771 2008 811 2046 in
853 2008 938 2059 ipso
977 2007 1253 2046 Ecclesiastico
1289 2008 1512 2046 ministerio
1549 2019 1715 2046 munere

219 2091 289 2116 suo
319 2077 518 2129 fungitur,
558 2077 662 2128 quod
702 2083 838 2128 aperte
874 2076 971 2115 haec
1008 2077 1092 2116 eius
1123 2077 1241 2116 verba
1274 2077 1347 2115 sibi
1379 2077 1478 2115 velle
1509 2076 1716 2115 videntur:

219 2148 328 2185 »duo
367 2154 461 2186 sunt
500 2147 541 2185 in
571 2146 743 2185 Ecclesia
773 2160 794 2185 a
826 2145 907 2185 Deo
938 2147 1118 2186 ordinata
1158 2146 1402 2192 ministeria,
1438 2146 1540 2185 verbi
1568 2152 1607 2185 et
1636 2145 1717 2197 yla-

273 2371 299 2411 5)
324 2371 372 2403 De
395 2370 492 2402 missa
509 2371 623 2413 papali
647 2381 676 2412 p.
702 2370 754 2403 28.
889 2371 914 2411 6)
938 2371 1035 2412 Pary.
1060 2370 1132 2403 min.
1156 2371 1303 2413 Francos.
1326 2382 1356 2413 p.
1384 2371 1434 2402 11.

274 2426 299 2466 7)
324 2426 381 2467 Ess.
406 2425 451 2457 ad
471 2426 559 2457 Ball.
585 2426 662 2465 (Ser.
688 2428 753 2458 ant.
779 2425 834 2457 IV.
862 2426 907 2458 13.
931 2426 1030 2466 459).
1164 2424 1189 2466 8)
1216 2426 1271 2467 Ep.
1297 2426 1341 2457 acl
1362 2427 1449 2458 Ball.
1475 2424 1529 2466 (ib.
1553 2436 1584 2467 p.
1608 2425 1709 2466 4852).

276 2480 301 2521 9)
332 2480 435 2512 Tract.
469 2479 508 2510 de
543 2481 683 2512 Sacram.
717 2491 747 2522 Ι).
771 2481 842 2517 401).
873 2480 919 2512 Cf.
950 2480 992 2512 ib.
1024 2480 1079 2518 36,
1113 2480 1169 2518 37,
1200 2481 1252 2512 41.
1284 2481 1340 2522 Ep.
1370 2481 1414 2513 ad
1438 2481 1524 2512 Ball.
1554 2482 1630 2520 (Ser.
1652 2483 1719 2512 ant.
1744 2491 1749 2495 ·

224 2536 278 2567 IV.
305 2536 350 2568 13.
375 2536 458 2574 451,
487 2535 551 2565 460
580 2537 611 2565 et
639 2535 737 2575 463).
769 2537 830 2577 Ep.
861 2535 906 2567 ad
930 2535 1015 2568 Edw.
1046 2535 1102 2567 VI.
1132 2546 1246 2577 praem.
1280 2535 1381 2568 Traot.
1410 2535 1448 2568 de
1477 2536 1614 2568 Sacram.
1642 2546 1671 2577 p.
1697 2536 1715 2566 6

225 2593 257 2621 et
285 2599 460 2628 BERTRAM,
483 2589 568 2621 Hist.
596 2590 660 2621 Cra
683 2591 710 2622 I.
734 2589 754 2622 a
777 2591 878 2623 Lasco
902 2591 929 2622 Ι.
954 2591 999 2623 23.
1024 2601 1053 2633 p.
1079 2592 1218 2624 96-98,

264 2645 303 2685 ¹0)
332 2646 433 2677 Traet.
458 2646 497 2676 cle
521 2646 658 2676 Sacram.
683 2655 714 2687 p.
740 2646 807 2678 32³.

265 2700 304 2739 11)
331 2701 443 2731 Forma
466 2710 504 2731 ac
527 2702 587 2731 rat.
612 2700 684 2732 min.
708 2701 806 2732 Lond.
830 2711 861 2742 Ι).
886 2700 990 2732 539——
997 2700 1059 2734 547
1084 2703 1114 2732 et
1140 2702 1212 2733 648.

266 2755 459 2796 1⁰)Ep.ad
487 2756 573 2787 Ball.
605 2755 683 2793 (Ser.
714 2758 781 2786 ant.
811 2756 867 2787 IV.
898 2756 943 2787 13.
974 2756 1072 2795 452.)
1112 2755 1159 2787 Cf.
1188 2755 1231 2786 ib.
1257 2754 1312 2795 (ib.
1336 2755 1435 2795 460..)
1458 2755 1514 2797 Ep.
1542 2756 1586 2787 ad
1610 2757 1720 2788 Pellzc.

230 2809 283 2849 (ib
313 2808 367 2840 IV.
394 2809 439 2840 13.
465 2809 562 2849 530..)
599 2810 661 2851 Ep.
686 2809 730 2841 ad
758 2810 844 2841 Bzcll.
869 2812 900 2841 et
927 2810 1038 2841 Peme.
1065 2809 1127 2850 (ib.
1146 2810 1201 2842 IV.
1227 2810 1272 2842 13.
1296 2809 1392 2848 463.)
1424 2810 1472 2841 De
1499 2821 1593 2841 mzssa
1613 2812 1726 2853 papali

228 2875 258 2906 p.
286 2865 315 2895 8.
339 2865 452 2896 Forma
474 2875 512 2896 ac:
534 2867 595 2897 ναί.
621 2866 692 2897 valn-
717 2864 816 2898 Lond.
840 2875 871 2906 p.
897 2866 969 2897 648.
998 2865 1099 2898 Tracl.
1123 2865 1161 2898 de
1183 2866 1322 2898 Sacram.
1346 2865 1441 2907 praef.
1465 2876 1495 2906 p.
1521 2865 1556 2904 3,
1582 2865 1634 2897 11.

269 2918 308 2958 13)
338 2919 383 2950 De
406 2930 501 2950 mlssa
518 2920 632 2961 papali
656 2931 684 2961 p.
710 2920 760 2952 29.
