1879 3239
679 444 1219 505 CONSPEGTUS.

1594 749 1657 782 Pag.

190 802 421 836 INTROITUS
453 818 1513 835 .................................
1560 804 1584 827 1.

163 874 170 883 ·
191 861 328 892 PARS
354 861 385 892 1.
431 856 608 899 Exponitur
631 856 661 889 J.
686 855 812 888 Calvini
836 855 874 887 ‹le
896 853 1039 886 Ecclesia
1061 851 1217 884 sententia
1240 873 1511 884 .........
1559 848 1700 882 1-100,

278 916 510 948 Praemonenda
543 939 551 946 .
582 932 1513 949 .............................
1561 908 1591 941 1.

233 971 382 1003 SEC'PIO
406 972 432 1004 Ι.
478 969 655 1013 Exponitur
678 970 708 1003 J.
722 967 847 1000 Calvini
871 968 908 999 de
930 966 1068 998 Ecclesia
1091 965 1261 1002 sententia,
1282 963 1383 1006 qualis
1403 974 1419 995 e
1439 963 1513 995 scri-

276 1016 341 1058 ptis
362 1015 462 1058 ipsius
485 1015 685 1056 cognoscitur
713 1033 1511 1046 .........................
1559 1009 1678 1042 3—80.

321 1070 369 1102 De
393 1070 548 1107 fontibus,
573 1069 653 1100 unde
675 1066 1007 1102 Ecclesiaevnotitiam
1029 1065 1238 1096 hauriendam
1260 1063 1408 1096 statuerit
1440 1089 1447 1096 .
1472 1088 1480 1096 .
1504 1088 1512 1096 .
1560 1064 1591 1096 3.

277 1125 390 1156 CAPUT
414 1124 440 1157 1.
486 1124 533 1156 De
556 1122 714 1154 Ecclesiae
737 1121 859 1163 origine
882 1123 976 1164 atque
998 1120 1132 1152 historia
1150 1142 1512 1152 ............
1560 1118 1678 1153 5-12.

319 1181 334 1219 §
360 1180 389 1212 1.
423 1179 471 1210 De
502 1177 661 1210 Ecclesiae
687 1179 822 1210 auctore.
869 1179 883 1216 §
909 1177 938 1210 2.
972 1177 1001 1208 A
1027 1186 1087 1217 quo
1109 1175 1182 1206 inde
1209 1176 1349 1217 tempore
1372 1173 1514 1206 Ecclesia

317 1223 486 1300 {astiterit
534 1224 548 1263 §
574 1224 603 1256 3.
633 1222 773 1254 Ubinam
790 1223 833 1254 sit
851 1221 992 1253 Ecclesia
1010 1219 1208 1262 reperiunda.
1256 1221 1270 1259 §
1294 1221 1325 1250 4.
1355 1218 1513 1251 Ecclesiae

341 1279 367 1299 is
383 1278 460 1300 orla.

266 1323 387 1355 CAPUT
410 1323 457 1356 II.
502 1322 550 1353 De
573 1321 732 1353 Ecclesiae
754 1321 882 1353 notione
907 1342 1510 1354 ...................
1536 1318 1677 1352 12-36,

319 1379 333 1418 §
360 1380 389 1410 1.
424 1376 609 1419 Quotupliei
647 1387 741 1408 sensu
776 1375 936 1408 Ecclesiae
970 1373 1158 1407 vocabulum
1193 1373 1231 1404 ab
1264 1384 1299 1404 eo
1335 1375 1512 1415 usurpetur.

318 1424 386 1462 §2.
422 1420 579 1454 Ecclesiae
612 1420 816 1452 difinitiones.
865 1422 878 1460 §
904 1421 934 1452 3.
969 1419 1128 1460 Imagines
1146 1418 1211 1449 sive
1234 1418 1366 1459 figurae,
1398 1417 1511 1460 quibus

316 1467 473 1499 Ecclesiae
504 1466 592 1498 notio
624 1465 813 1497 illustratur.
861 1466 875 1504 §
899 1466 929 1496 4.
965 1463 1106 1496 Ecclesia
1138 1462 1276 1494 visibilis
1307 1464 1399 1505 atque
1428 1462 1509 1493 invi-

317 1512 436 1552 sibilis,
473 1513 504 1543 et
533 1513 644 1542 mutua.
679 1510 842 1551 utriusque
874 1508 913 1540 ad
940 1508 1078 1540 invicem
1110 1507 1231 1538 relatio.
1279 1508 1293 1546 §
1320 1509 1349 1539 5.
1386 1507 1511 1538 Relatio

316 1557 473 1589 Ecclesiae
491 1556 530 1588 ad
547 1566 679 1596 regnum
698 1554 863 1586 coelorum.
911 1555 925 1592 §
951 1554 980 1584 6.
1004 1552 1162 1584 Ecclesiae
1182 1551 1312 1583 indoles.
1359 1553 1373 1591 §
1399 1552 1439 1591 7.,
1453 1552 1514 1583 ΕΟ,

317 1601 430 1633 clesiae
468 1601 715 1633 fundamentum.
771 1601 784 1639 §
817 1599 845 1630 8.
880 1597 1000 1636 Tituli,
1039 1597 1152 1638 quibus
1190 1596 1331 1628 Ecclesia
1368 1598 1508 1629 ornatur.

319 1648 333 1686 ᾗ
358 1647 389 1678 9.
412 1647 529 1684 Notae,
553 1644 666 1687 quibus
690 1654 761 1675 vera
783 1642 926 1674 Ecclesia
948 1652 967 1672 a
988 1641 1065 1673 falsa
1087 1641 1298 1683 dignoscatur.
1336 1642 1350 1680 §
1375 1641 1427 1673 10.
1451 1641 1509 1671 Ec-

317 1690 428 1722 clesiae
461 1691 542 1723 finis.
590 1691 603 1729 §
630 1690 680 1721 11.
717 1687 987 1720 Perfeetissimum
1019 1685 1178 1718 Ecclesiae
1211 1684 1378 1727 exemplar.
1426 1685 1507 1717 Con-

317 1734 415 1767 clusio
442 1735 537 1767 huius
564 1734 688 1776 capitis.

273 1790 385 1822 CAPUT
408 1790 470 1824 III.
516 1790 564 1821 De
588 1789 641 1821 via
667 1799 702 1820 ac
725 1788 862 1824 ratione,
886 1786 998 1828 quibus
1024 1785 1166 1817 Ecclesia
1188 1787 1336 1829 operatur
1366 1809 1506 1818 .....
1532 1785 1672 1818 36—56.

314 1845 555 1878 Praemonenda.
587 1846 601 1884 §
627 1846 657 1876 1.
681 1843 777 1875 Verbi
789 1842 1019 1881 ministerium,
1050 1853 1079 1873 ιι.
1103 1841 1241 1873 Verbum
1253 1842 1323 1874 Dei.
1360 1841 1385 1873 b.
1403 1838 1506 1872 ‘Verbi

314 1890 415 1921 divini
431 1890 653 1922 ministerium.
685 1889 746 1928 §2
772 1887 884 1919 Cultus
901 1885 1082 1918 celebratio.
1115 1897 1142 1918 a.
1169 1886 1288 1918 Preces.
1321 1887 1347 1918 b.
1373 1884 1505 1926 Hymni.

313 1945 339 1966 c.
363 1934 439 1966 Dies
452 1935 534 1968 festi.
572 1937 585 1974 §
612 1934 640 1965 3.
665 1934 937 1965 Saeramentorum
955 1931 1199 1962 administratio.
1235 1932 1272 1963 A.
1297 1931 1504 1962 Sacramenta.

313 1990 342 2011 a.
366 1979 413 2010 De
428 1978 636 2012 Sacramentis
650 1979 684 2010 in
703 1987 825 2018 genere.
862 1978 888 2008 b.
912 1976 960 2007 De
976 1975 1112 2016 singulis
1134 1976 1351 2008 SacramentiS.
1389 1987 1420 2007 ct.
1444 1975 1513 2006 Ba:

311 2023 457 2064 ptismus.
500 2028 538 2063 ῥ’.
563 2025 592 2056 S.
617 2023 728 2055 Coena.
764 2023 801 2055 B.
826 2021 1097 2053 Sacramentorum
1117 2020 1361 2053 administratio.
1397 2031 1427 2052 a.
1458 2020 1505 2051 De

312 2069 518 2100 Sacramentis
542 2069 577 2100 in
605 2078 724 2109 genere.
762 2068 788 2099 b.
813 2065 1005 2108 Baptismus.
1040 2076 1066 2097 c.
1090 2065 1120 2097 S.
1145 2065 1258 2096 Coena.
1307 2067 1320 2104 <5
1346 2067 1375 2098 4.
1400 2064 1503 2096 Disci-

311 2113 416 2155 plinae
445 2124 529 2146 usus.
560 2131 604 2137 —-
633 2113 721 2144 Bona
750 2110 981 2143 Ecclesiastica.
1005 2128 1049 2133 -—-
1074 2109 1243 2141 Conclusio
1264 2109 1358 2141 huius
1383 2109 1502 2152 capitis.

267 2166 379 2200 CAPUT
403 2169 458 2202 IV.
504 2168 661 2200 Ecclesiae
690 2167 833 2208 regimen
865 2188 1500 2198 ....................
1527 2162 1668 2198 56—75.

313 2223 327 2261 §
352 2223 381 2255 l.
406 2222 560 2264 Regimen
583 2221 734 2254 Coeleste.
782 2222 796 2260 §
822 2221 850 2253 2.
876 2220 941 2252 Cur
964 2220 1050 2251 Deus
1076 2219 1240 2250 hominum
1261 2218 1437 2250 ministerio
1466 2218 1501 2250 in

262 2286 264 2288 v
307 2266 449 2298 Ecclesia
472 2267 610 2308 regunda
634 2268 752 2298 utatur.
800 2266 814 2304 §
840 2266 870 2297 3.
906 2264 991 2306 Quot
1027 2264 1091 2295 sint
1123 2264 1342 2295 ministrorum
1374 2273 1499 2304 genera.

310 2312 324 2350 §
353 2313 384 2343 4.
422 2312 646 2343 Ministrorum
680 2309 802 2342 electio,
854 2311 867 2349 §
898 2309 926 2340 5.
964 2309 1012 2340 De
1038 2308 1257 2340 ministrorum
1284 2308 1501 2340 conventibus.

308 2357 322 2395 ὓ
352 2357 381 2389 6.
408 2356 623 2388 Ecclesiastici
643 2355 809 2396 regiminis
832 2355 979 2396 potestas.
1010 2365 1039 2385 a.
1064 2352 1155 2384 Circa
1178 2352 1362 2385 doctrinam.
1395 2354 1420 2384 b.
1443 2353 1499 2384 Le-

308 2411 383 2441 gum
414 2401 621 2432 serendarum.
657 2411 683 2432 c.
712 2398 937 2431 Iurisdieundi.
986 2400 1000 2438 §
1031 2398 1061 2432 7.
1090 2397 1305 2429 Eeclesiastici
1332 2397 1499 2438 regiminis

308 2445 417 2478 officia.
453 2445 635 2477 Doctorum.
670 2445 848 2476 Pastorum.
885 2443 1057 2476 Seniorum.
1090 2442 1308 2474 Diaeonorum.
1357 2443 1418 2481 §8.
1442 2442 1498 2473 Ec-

307 2489 418 2520 clesiae
440 2490 604 2531 regiminis
625 2490 665 2521 ad
686 2488 860 2520 Ecclesiam
884 2487 1005 2520 relatio.
1018 2506 1061 2511 —-
1081 2487 1250 2519 Conclusio
1266 2486 1359 2518 huius
1375 2487 1498 2528 capitis,

265 2543 375 2575 CAPUT
398 2544 436 2576 V.
470 2545 628 2577 Ecclesiae
646 2554 720 2585 erga
747 2543 965 2576 dissentientes
990 2545 1021 2575 et
1044 2543 1264 2584 magistratum
1288 2542 1399 2574 relatio
1424 2568 1430 2575 .
1457 2568 1463 2575 .
1488 2567 1496 2574 .
1543 2541 1684 2576 75-80.

309 2600 323 2638 §
341 2600 370 2631 1.
395 2600 551 2632 Ecclesiae
573 2611 647 2641 erga
663 2599 885 2631 dissentientes
907 2598 1030 2631 relatio.
1072 2600 1086 2638 §
1104 2599 1132 2630 2.
1157 2597 1317 2630 Ecclesiae
1338 2608 1412 2639 erga
1434 2608 1496 2630 ma·

306 2643 475 2684 gistratum
496 2644 618 2676 relatio.

260 2697 410 2730 SECTIO
434 2698 479 2730 ΙΙ.
524 2699 699 2741 Exponitur
727 2700 756 2732 J.
782 2698 909 2730 Calvini
935 2699 971 2730 de
999 2698 1143 2730 Ecclesia
1167 2698 1340 2736 sententia,
1377 2697 1492 2742 qualis,

304 2745 373 2774 tum
402 2753 418 2774 e
444 2743 621 2775 conditione
648 2743 806 2776 Ecclesiae
839 2743 1046 2782 Genevensis,
1083 2745 1152 2775 tum
1188 2753 1204 2774 e
1240 2740 1366 2774 Calvini
1400 2743 1434 2774 in
1469 2753 1504 2774 ea

305 2787 418 2828 agendi
447 2788 567 2819 ratione
596 2790 794 2829 cognoscitur
825 2811 1493 2822 .....................
1541 2785 1681 2819 80—98.

304 2841 536 2874 Praemonenda
564 2865 1493 2877 .............................
1542 2842 1593 2873 80.

259 2897 371 2929 CAPUT
394 2897 420 2930 I.
468 2896 562 2928 Ratio
583 2897 796 2930 Ecclesiastici
812 2897 1000 2936 ministerii,
1025 2898 1127 2940 qualis
1143 2898 1299 2940 reperitur
1317 2897 1350 2930 in
1365 2897 1491 2930 libello:

304 2941 523 2974 Ordonnanees
555 2941 812 2985 Ecclesiastiques
836 2942 873 2974 de
903 2942 1027 2975 Geneve
1051 2965 1490 2976 ..............
1537 2940 1678 2972 82—86.
