1879 3239
389 298 443 371 J.
488 296 820 372 CALVINI
861 317 927 364 ET
968 295 1022 368 J.
1066 302 1103 370 Ji
1142 293 1389 368 LASOO

864 502 911 526 DE

167 659 436 709 ECCLESIA
468 661 919 710 SENTENTIARUM
950 661 1128 710 INTER
1160 661 1224 710 SE
1258 658 1603 709 COMPOSITIO.

266 1184 554 1220 EXPONITUR
578 1185 611 1221 J.
643 1185 850 1222 CALVINI
876 1187 940 1223 DE
966 1187 1200 1224 ECCLESIA
1225 1187 1509 1224 SENTENTIA.

664 1515 1120 1551 PRAEMONENDA.

180 1617 293 1656 -Satis
314 1626 454 1657 notum
476 1626 535 1657 est
561 1619 592 1658 J.
623 1620 827 1660 Calvinum
859 1623 899 1661 in
926 1622 998 1662 1V⁰
1024 1637 1095 1663 suo
1121 1623 1409 1664 »Institutionis
1434 1626 1641 1678 religionis

137 1685 448 1726 »Christianae⁷'
476 1688 578 1726 libro
601 1689 649 1727 de
672 1690 869 1729 industria
891 1704 1001 1730 suam
1048 1709 1063 1727 >³
1077 1693 1126 1732 de
1152 1694 1330 1732 externis
1350 1694 1492 1733 mediis
1508 1695 1557 1734 ad
1583 1708 1641 1734 sa-

136 1755 322 1793 »lutcm’'
361 1757 583 1795 condidisse
614 1761 876 1804 sententiam,
915 1761 1044 1812 deque
1075 1775 1122 1801 eo
1148 1762 1396 1803 Christianae
1432 1765 1639 1817 religionis

116 1823 235 1867 ·loco‚
266 1824 333 1874 qui
364 1832 423 1863 cst
453 1826 501 1864 dc
533 1825 724 1872 Ecclesia,
755 1828 998 1868 uberrimam
1028 1831 1249 1871 doctrinam
1282 1831 1505 1873 tradidisse.
1562 1833 1639 1873 Res

133 1891 232 1929 adeo
270 1892 455 1933 facillima
495 1902 534 1934 et
569 1897 717 1935 nullius
747 1898 829 1937 fere
861 1900 1011 1951 negotii
1043 1901 1170 1940 videri
1196 1909 1328 1953 posset
1357 1903 1550 1941 concinne
1582 1909 1639 1942 at·

133 1973 209 2012 que
249 1962 458 2001 enucleate
498 1964 582 2002 eius
621 1964 670 2003 de
707 1964 879 2004 Ecclesia
916 1969 1157 2008 sententiam
1196 1971 1237 2009 in
1268 1972 1548 2023 compendium
1578 1985 1638 2011 re-

132 2029 287 2067 dactam
322 2031 408 2069 aliis
448 2045 604 2083 quoque
645 2034 892 2085 expendere;
938 2036 1099 2076 obvium
1139 2039 1221 2076 scil.
1262 2040 1423 2079 videtur
1463 2041 1640 2081 breviter

132 2105 172 2136 et
203 2107 403 2151 compacte
434 2101 606 2145 referre,
638 2116 738 2154 quac
769 2104 851 2155 ipse
883 2104 1068 2144 Calvinus
1093 2107 1133 2145 in
1185 2107 1513 2149 »Institutionis''
1543 2123 1638 2150 suae

131 2167 233 2206 libro
271 2168 396 2208 fusius
435 2171 634 2222 latiusque
665 2172 714 2210 de
742 2171 915 2212 Ecclesia
946 2174 1099 2226 digesta
1131 2179 1337 2228 exposuit,
1367 2179 1422 2217 ita
1453 2181 1638 2231 quidem,

131 2244 176 2274 ut
201 2237 340 2287 codem
367 2250 527 2289 prorsus
553 2246 832 2290 argumentum
860 2240 1174 2281 distribueretur
1197 2246 1332 2289 modo,
1359 2247 1497 2286 eadem
1520 2249 1637 2300 plane

131 2306 192 2344 via
223 2319 266 2344 ac
296 2307 450 2345 ratione
482 2308 716 2359 procederet
746 2309 985 2360 disputatio,
1017 2318 1135 2363 atque
1167 2313 1306 2352 similis
1337 2322 1377 2353 et
1406 2329 1566 2369 compar
1595 2319 1637 2357 in

131 2376 296 2414 materie
337 2376 556 2428 digerenda
587 2377 869 2416 observaretur
900 2380 996 2418 ordo
1028 2387 1146 2432 atque
1178 2383 1311 2422 series.
1370 2383 1638 2425 Nihilominus

132 2449 264 2482 tamen
295 2457 337 2483 re
369 2447 590 2484 accuratius
630 2454 834 2499 perspecta
864 2449 983 2501 longe
1019 2462 1132 2489 secus
1157 2452 1255 2490 mihi
1281 2454 1480 2505 agendum
1507 2456 1636 2495 visum

133 2518 212 2555 est,
253 2515 371 2552 variis
410 2515 458 2554 ad
498 2516 537 2554 id
574 2516 737 2555 inducto
767 2518 1002 2558 rationibus.
1063 2519 1192 2565 Quum
1224 2523 1330 2561 enim
1360 2525 1401 2562 in
1446 2524 1637 2564 »Institu-

132 2580 304 2619 „tione”
345 2595 413 2621 sua
447 2584 496 2622 de
526 2586 712 2624 universa
743 2586 966 2626 Christiana
996 2589 1191 2641 religione
1221 2600 1397 2631 mentem
1428 2606 1540 2633 suam
1571 2608 1635 2634 ex-

131 2650 297 2700 plicaret
340 2650 542 2698 Calvinus,
586 2653 785 2694 Ecclesiae
829 2668 919 2695 eum
960 2660 1180 2697 necessarie
1221 2660 1445 2713 designavit
1483 2664 1636 2710 locum,

131 2732 248 2769 quem
296 2720 416 2758 totius
462 2722 589 2772 operis
629 2724 802 2762 ambitus
841 2726 1033 2766 suadebat
1071 2728 1315 2769 distributio.
1383 2731 1470 2771 Non
1509 2733 1634 2772 libera

75 2797 101 2831 Q
130 2788 255 2839 igitur
285 2796 344 2827 cst
375 2797 415 2827 et
447 2789 494 2828 ab
526 2792 630 2830 omni
662 2800 772 2844 parte
800 2796 985 2846 expedita
1011 2797 1097 2835 eius
1123 2798 1172 2836 de
1199 2797 1372 2839 Ecclesia
1399 2801 1635 2854 disputatio,

130 2858 201 2895 sed
231 2858 342 2902 talis,
372 2859 528 2909 qualem
568 2863 893 2912 praecedentium
923 2865 1118 2905 librorum
1148 2869 1377 2918 postulabat
1406 2878 1550 2910 natura
1580 2878 1636 2910 at-

130 2938 206 2977 que
245 2926 418 2972 indoles;
459 2941 537 2979 quo
575 2929 743 2975 sactum,
782 2938 827 2971 ut
866 2933 967 2973 bene
1013 2936 1161 2981 multa,
1209 2951 1309 2989 quae
1349 2940 1399 2978 ad
1439 2939 1638 2981 Ecclesiae

1434 3007 1445 3029 1
