1849 3239
881 99 961 138 174

175 242 321 270 summa
349 230 532 281 fruuntur
562 231 748 276 libertate,
775 243 891 282 neque
918 230 1037 270 ullius
1064 217 1112 270 in*
1135 230 1311 270 Ecclesia
1338 232 1542 273 dominatio
1570 232 1669 284 ferri

175 299 255 338 ullo
282 300 389 339 mocio
414 305 543 352 potest.
604 300 700 339 Sunt
733 305 857 339 tamen
894 300 1114 351 paucissimi
1147 300 1319 352 quidam,
1354 313 1442 339 vera
1467 302 1606 353 pietate
1634 306 1668 340 et

177 380 242 414 ca,
277 380 390 421 quam
423 370 543 409 virtus
580 370 713 420 affert,
751 369 947 408 nobilitate
984 369 1233 420 insiyniores,
1259 382 1349 420 quos
1376 370 1450 421 ipsi
1479 371 1568 409 socii
1598 370 1669 409 sibi
1727 412 1732 416 ,

176 437 219 476 in
246 438 498 478 ministerium
526 438 688 489 eliyunt,
717 442 751 476 et
779 437 910 489 quibus
939 450 982 476 ea
1010 439 1263 484 mandantur,
1294 450 1388 490 quae
1411 451 1435 477 a
1458 440 1569 479 certis
1592 439 1669 492 qui-

180 506 335 546 busdam
376 508 527 552 melius,
571 519 682 559 quam
719 507 767 545 ab
805 507 975 546 omnibus
1011 507 1125 547 simul
1158 512 1405 559 peraquntur.
1474 498 1671 547 Seniornni

181 576 383 620 consessui,
418 587 490 626 pro
528 574 707 614 varietate
742 575 910 613 muneris
946 575 987 614 in
1024 575 1125 613 verbi
1162 575 1421 615 ministrorum
1459 581 1493 615 et
1516 577 1671 627 presby-

181 650 345 683 terorum
381 643 550 683 ordinem
587 643 782 689 distincto,
820 643 939 682 divini
975 644 1076 683 verbi
1100 644 1335 695 praedicatio
1372 657 1450 684 una
1487 657 1570 684 cum
1598 658 1672 684 mo-

181 726 266 752 rum
304 724 464 752 censura
501 712 743 752 committitur
750 727 764 757 ;
803 712 866 764 qui
901 725 981 752 una
1019 725 1101 752 cum
1130 713 1320 758 diaconis,
1359 714 1420 753 cui
1457 714 1674 753 tabularum

181 782 432 822 ministerium
464 782 686 821 mandatum
720 786 792 825 est,
832 781 898 820 sub
922 781 1116 833 praesidio
1146 783 1483 835 sapei-intendentis
1520 796 1566 822 ecc
1603 781 1673 821 Ec·

183 852 319 890 clesiae
356 851 577 890 auctoritate
614 851 675 890 ius
708 851 858 895 dicunt,
898 851 994 902 lesses
1023 851 1209 897 scribunt,
1245 856 1278 891 et
1312 851 1504 891 Ecclesiae
1541 864 1676 903 corpus

182 921 393 971 9ubernant
426 925 535 972 atque
564 920 780 971 defendunt.
836 920 1024 971 Prospicit
1052 921 1101 959 iis
1129 921 1302 960 Ecclesia
1329 922 1374 960 cle
1403 921 1558 961 honesta
1580 921 1677 960 vitae

183 990 350 1035 ratione,
393 995 593 1029 veneratur
640 1002 699 1028 eos
736 993 846 1041 atque
883 989 1010 1040 diliyit
1042 976 1225 1042 tanquam
1263 991 1471 1042 primarios
1508 993 1676 1042 cob‘pera-

183 1059 282 1105 rios,
312 1059 375 1111 qui
404 1072 547 1099 omnem
574 1059 689 1098 vitam
717 1070 825 1098 suam
854 1058 1047 1110 Ecclesiae
1076 1060 1192 1115 saluti
1219 1060 1448 1112 impendunt.
1505 1060 1558 1099 Hi
1595 1071 1678 1098 cona

185 1134 248 1168 tra
289 1128 347 1167 nil
390 1128 462 1167 sibi
502 1128 696 1180 potestatis
739 1133 935 1179 arroyent,
974 1133 1008 1167 et
1046 1128 1240 1168 Ecclesiae
1277 1129 1498 1169 auctoritate
1531 1128 1678 1180 potius,

185 1210 297 1251 quam
336 1202 480 1237 suamet
527 1198 693 1249 ipsorum
735 1202 932 1252 satayant,
975 1210 1154 1237 memores
1200 1211 1362 1250 semper,
1411 1212 1448 1238 se
1486 1197 1681 1239 Ecclesiae

185 1268 379 1310 ministros
421 1279 518 1312 esse,
562 1279 637 1305 non
679 1279 762 1304 vero
805 1267 984 1305 dominos.
1050 1266 1159 1306 Arcte
1201 1281 1339 1320 quoque
1381 1281 1465 1307 cum
1506 1266 1681 1306 Ecclesia

187 1338 405 1376 coniunctus
443 1340 496 1374 est
529 1335 797 1386 magyistmtus,
835 1335 899 1386 qui
928 1334 1048 1386 ipsius
1077 1334 1270 1374 Ecclesiae
1300 1336 1482 1376 sociorum
1508 1336 1680 1376 minister

183 1405 354 1458 proprie,
393 1404 495 1443 circa
533 1415 644 1442 sacra
682 1403 765 1442 iure
801 1402 969 1453 fruitur,
1007 1402 1136 1454 cuique
1171 1403 1289 1453 icitur
1326 1404 1537 1456 obsequium
1570 1415 1680 1454 prac-

188 1475 272 1513 bent
308 1473 438 1526 ficleles
474 1485 589 1524 usque
626 1472 676 1510 acl
723 1483 836 1516 aras,
883 1484 998 1522 neque
1044 1470 1084 1509 iel
1125 1471 1216 1522 leqis
1260 1471 1333 1511 sive
1371 1484 1514 1523 poenae
1555 1471 1682 1510 adacti

188 1545 339 1588 timore,
378 1543 442 1581 sed
472 1542 591 1581 libera
621 1553 689 1580 sua
716 1541 904 1580 voluntate
942 1540 1068 1579 (livino
1103 1540 1205 1579 iusso
1238 1545 1426 1591 parentes.
1488 1541 1559 1588 Qui
1595 1545 1683 1580 sunt

187 1614 229 1653 in
259 1612 432 1652 Ecclesia
461 1611 616 1650 ditiores
645 1611 795 1662 inopiae
819 1621 1030 1661 pauperum
1059 1609 1297 1654 subveniant,
1326 1610 1389 1661 qui
1420 1610 1517 1649 laeta
1547 1610 1682 1660 finiun-

189 1689 251 1722 tur
278 1681 492 1721 valetudine
521 1681 707 1720 sublevent
736 1683 973 1731 aegrotantes
982 1693 996 1724 ,·
1026 1691 1151 1718 omnes
1179 1679 1336 1730 denique
1361 1678 1554 1718 Ecclesiae
1578 1678 1683 1724 socii,

190 1764 279 1792 suae
308 1751 579 1791 imbecillitatis
603 1750 755 1802 penitus
792 1748 864 1787 sibi
889 1748 1083 1799 persuasi,
1123 1747 1492 1799 bonorificentissime
1521 1747 1685 1787 sentiant

189 1823 234 1861 cle
271 1821 336 1866 iis,
374 1820 437 1872 qui
475 1833 615 1872 quoquo
654 1819 804 1858 tandem
841 1813 953 1856 mocto'
985 1818 1032 1856 ab
1071 1817 1243 1861 Ecclesia
1276 1817 1522 1869 dissentiant,
1551 1817 1685 1856 etrite

190 1891 404 1936 aestiment,
434 1895 574 1929 certam·
602 1890 643 1928 in
676 1888 846 1928 omnibus
874 1888 1042 1927 veritatis
1071 1887 1315 1938 coynitionem
1343 1886 1484 1926 nemini
1513 1891 1591 1926 tam
1618 1887 1683 1938 sir-

190 1963 301 2002 miter
329 1964 515 2005 constare,
544 1964 585 1998 ut
612 1971 686 1998 non
711 1962 834 2010 posset
863 1957 910 1996 ab
939 1957 1029 1996 aliis
1058 1957 1140 1996 iure
1168 1955 1402 2008 reprehendi.
