1879 3239
838 105 889 143 29

120 243 251 282 fluunt
280 240 397 279 rivuli
425 238 473 292 ἰ);
502 261 554 267 -
583 237 652 276 sed
691 238 774 289 ipse
814 250 886 276 nos
922 237 1059 280 docet,
1095 234 1294 286 quomodo
1325 234 1402 272 sint
1434 245 1479 270 ca
1509 232 1615 271 inter

121 324 160 351 se
189 309 387 353 rimanda,
428 308 495 346 ubi
526 307 641 346 dicit:
686 307 871 358 »proprie
911 303 1084 357 (quidem)
1119 303 1280 341 unicum
1310 302 1615 340 fundamentum

120 379 348 418 »Christum
387 390 493 422 esse,
533 377 601 416 scd
642 377 682 415 in
722 375 878 414 Christo
916 374 1031 413 sundi
1065 372 1279 412 Ecclesiam
1311 384 1381 422 per
1410 371 1614 409 doctrinae

94 447 567 500 ⁷»praedicatione1n⁵).‘'
622 444 796 483 Ecclesia
826 456 904 482 una
936 450 1017 488 cst,
1047 440 1399 494 »quandoquidem
1426 440 1465 477 in
1496 452 1615 477 unam

120 518 324 556 »divinam
363 517 567 555 doctrinae
598 515 808 554 veritatem
849 513 1049 552 consentit
1074 511 1148 565 6),”
1193 523 1298 548 »una
1339 508 1485 547 Christi
1526 509 1615 547 doc-

120 588 252 626 »trina
282 587 465 638 colligata
490 585 554 639 7).”
612 602 626 619 n
642 584 681 623 Si
712 583 855 636 (icitur)
885 582 1084 621 Ecclesiae
1102 581 1406 620 fundamentum
1437 584 1495 615 est
1524 577 1616 616 Pro-

120 656 359 709 »phetarum
382 661 421 694 et
444 655 723 706 Apostolorum
745 653 944 697 doctrina,
967 652 1073 690 illam
1097 651 1207 695 tolle,
1231 648 1428 701 quomodo
1452 648 1618 699 amplius

119 725 374 764 »aedificium
410 724 633 763 constabit?
690 723 858 762 Corruat
898 734 993 773 crgo
1032 719 1206 758 Ecclesia
1238 730 1398 757 necesse
1429 723 1509 761 est,
1548 716 1616 754 ubi

120 795 353 833 »intercidit
392 807 438 832 ea
476 794 691 846 religiones
730 805 900 836 summa,
942 803 1042 842 quae
1082 790 1163 828 sola
1200 801 1285 826 cam
1316 786 1521 825 continere
1551 797 1617 836 po-

119 871 228 902 »test
252 863 317 916 8).”
374 863 528 915 Optime
558 862 656 901 hacc
697 863 828 901 onmia
868 866 1095 912 congruunt
1134 871 1221 896 cum
1254 858 1323 900 iis,
1362 869 1461 907 quae
1500 867 1618 906 supra

119 934 196 972 iam
235 931 479 981 monuimus:
519 943 655 969 omncs
694 930 742 968 ad
782 942 904 967 unum
941 929 981 966 in
1012 926 1184 965 eundem
1216 925 1396 963 ordinem
1427 923 1535 975 cogi,
1573 929 1619 961 ut

120 1002 254 1041 divina
284 1001 515 1039 imbuantur
544 1000 725 1038 doctrina
752 998 791 1050 ⁹).
850 996 924 1035 Ubi
955 996 1060 1035 enim
1092 1007 1228 1033 omnes
1257 994 1298 1031 in
1324 1006 1445 1031 unum
1473 1005 1618 1044 cogun-

122 1078 204 1116 tur,
238 1077 283 1109 ut
322 1071 560 1112 doceantur,
598 1068 851 1106 manifestum
891 1077 976 1104 csse
1017 1064 1177 1116 opinor,
1216 1062 1410 1101 doctrinae
1439 1074 1506 1101 eos
1536 1062 1619 1101 vin-

120 1141 209 1178 culo
238 1152 322 1178 6556
352 1139 458 1179 inter
487 1150 526 1176 56
561 1137 813 1175 coadunatos.

174 1207 212 1246 Si
248 1219 344 1259 ergo
370 1206 564 1244 obiective
591 1205 763 1244 doctrina
788 1203 988 1242 Ecclesiae
1015 1202 1320 1241 fundamentum
1345 1201 1518 1253 positum
1543 1206 1619 1244 est,

118 1290 180 1316 res
207 1275 302 1328 ‘ipsa
341 1276 519 1327 loquitur
558 1274 752 1313 doctrinae
793 1273 852 1312 illi
885 1272 1112 1325 praestitam
1150 1271 1262 1323 ficlcm
1290 1271 1494 1310 vinculum
1534 1282 1619 1308 6556

84 1382 87 1384 ,
118 1346 403 1390 subiectivum,
442 1345 547 1396 quod
587 1344 692 1382 idem
724 1343 798 1382 sibi
830 1342 1002 1382 voluisse
1032 1342 1193 1381 videtur
1223 1340 1425 1384 Calvinus,
1466 1338 1534 1377 ubi
1565 1339 1620 1377 di-

118 1415 189 1454 cit:
234 1414 367 1452 »Deus
398 1413 490 1452 fidei
517 1413 675 1452 vinculo
700 1412 916 1451 Ecclesiam
943 1410 1182 1450 coadunavit
1208 1409 1289 1463 ¹⁰).''
1334 1409 1452 1448 Fides
1487 1415 1621 1446 autem

118 1484 220 1536 apud
259 1496 350 1522 eum
396 1490 530 1522 »certa
561 1490 621 1521 est
660 1482 962 1534 comprehensio
1002 1481 1309 1534 promissionum
1340 1478 1410 1518 Dci
1438 1478 1528 1532 11)”’,
1558 1479 1621 1517 vel

118 1553 224 1604 quod
254 1553 491 1591 tantundem
521 1553 648 1596 valet,
692 1569 707 1585 n
721 1552 880 1590 divinae
920 1564 1013 1603 erga
1048 1564 1120 1589 nos
1152 1549 1367 1590 voluntatis
1396 1549 1539 1587 notitia
1569 1561 1618 1586 ex

119 1639 134 1656 n
149 1623 234 1660 eius
274 1622 395 1661 verbo
435 1628 618 1674 percepta
647 1621 736 1674 12);”
785 1634 902 1672 quam
951 1620 1070 1659 fidem
1110 1621 1175 1659 ille
1216 1620 1374 1658 demum
1416 1624 1618 1669 praestare

123 1698 328 1735 censetur,
368 1691 434 1742 qui
465 1698 625 1742 paratus
654 1697 712 1729 est
758 1690 947 1729 »veritati
978 1689 1048 1728 Dei
1078 1689 1328 1728 subscribere
1359 1688 1534 1740 quoties,
1578 1693 1618 1725 et

124 1761 340 1812 »quicquid
370 1767 410 1799 et
441 1773 678 1812 quocunque
708 1760 826 1799 modo
855 1760 1033 1811 loquitur
1059 1759 1139 1812 13).”

438 1868 465 1921 §¹
494 1870 529 1907 8.
590 1868 726 1913 Tituli,
756 1868 888 1920 quibus
917 1867 1090 1906 Ecclesia
1120 1872 1289 1906 ornatur.

172 1966 277 2006 Haec
307 1974 440 2006 autem
467 1967 660 2012 Ecclesia,
690 1980 711 2006 6
740 1975 874 2007 mente
904 1967 1075 2012 Calvini,
1105 1974 1248 2006 natura
1278 1979 1347 2005 sua
1377 1960 1451 2005 est:

173 2037 227 2075 1⁰.
270 2036 499 2076 Necessaria
542 2036 592 2074 ad
631 2036 809 2080 salutem,
853 2036 1176 2088 quandoquidem
1225 2041 1366 2074 »extra
1406 2035 1491 2073 eius
1530 2046 1616 2086 gre-

119 2106 241 2145 mium
273 2107 381 2145 nulla
407 2112 466 2145 est
496 2106 690 2158 speranda
719 2112 972 2158 peccatorum
996 2105 1195 2150 remissio,
1225 2118 1299 2144 nec
1322 2105 1402 2144 ulla
1427 2105 1531 2143 salus
1548 2103 1616 2156 l),’'

172 2231 197 2270 ⁴)
222 2232 300 2263 Inst.
324 2231 379 2264 IV.
404 2231 434 2264 2.
458 2231 486 2264 6.
522 2231 706 2274 Desumpsit
729 2231 804 2262 haec
825 2241 841 2262 6
863 2230 974 2262 libello
998 2238 1157 2262 CYPRIANI
1183 2251 1197 2268 u
1209 2230 1247 2262 de
1269 2231 1470 2273 simplicitate
1485 2230 1614 2272 praela-

119 2288 234 2325 torum,
258 2288 301 2318 'ut
328 2287 490 2319 annotavit
518 2288 553 2319 iu
581 2289 721 2329 margine
751 2287 854 2327 Calv.,
884 2287 938 2329 qui
961 2289 1066 2318 tamen
1087 2285 1185 2327 vulgo
1209 2289 1240 2318 et
1263 2285 1378 2318 melius
1405 2306 1419 2323 n
1431 2286 1469 2318 de
1492 2286 1615 2319 unitate

120 2341 333 2377 „Ecclesiae”
355 2343 554 2382 inscribitur,
578 2355 643 2386 cap.
667 2345 705 2377 V.

172 2395 196 2435 5)
225 2397 336 2429 Comm.
357 2398 402 2429 ad
422 2399 499 2440 Eph.
524 2398 568 2431 II.
594 2400 645 2430 20.
780 2400 805 2440 6)
830 2400 910 2431 Inst.
935 2398 989 2430 IV.
1016 2399 1045 2431 1.
1071 2399 1099 2430 9.

173 2450 198 2490 7)
225 2452 317 2493 Resp.
341 2452 386 2483 ad
406 2461 522 2486 SADoL.
546 2454 634 2486 Tom.
658 2454 751 2486 VIII.
777 2454 856 2486 108ει
881 2454 919 2486 cf.
943 2454 1023 2485 Inst.
1047 2452 1103 2485 IV.
1129 2452 1157 2484 2.
1183 2452 1212 2485 5.

173 2504 198 2545 3)
224 2507 302 2539 Ins-t.
327 2507 381 2540 IV.
407 2509 435 2541 2.
461 2510 490 2541 1.
511 2509 549 2541 cs.
573 2509 615 2541 ib.
636 2509 663 2542 I.
685 2511 715 2544 7.
742 2509 777 2548 2,
802 2510 839 2547 3,
863 2510 902 2547 43
927 2509 971 2541 ad
992 2508 1103 2550 versip.
1124 2507 1236 2550 quend.
1252 2507 1339 2542 Tom.
1356 2507 1449 2542 VIII.
1470 2518 1501 2549 P.
1522 2505 1612 2546 3061),

120 2562 150 2591 et
174 2560 212 2592 de
235 2563 364 2593 aeterna
387 2562 448 2594 Dei
462 2563 576 2604 praed.
600 2564 687 2597 Tom.
711 2563 805 2595 VIII.
828 2574 858 2606 Ρ.
883 2564 973 2595 6162.

174 2616 197 2654 ⁹)
223 2615 260 2647 V.
286 2617 299 2655 §
325 2617 355 2648 6.

158 2669 199 2710 ¹⁰)
224 2670 331 2703 Prael.
355 2672 388 2702 in
414 2673 487 2704 Ῐοέί.
515 2672 577 2705 ΠΙ.
602 2673 632 2707 7.
664 2674 701 2706 cf.
732 2675 840 2706 Prael.
870 2674 904 2706 in
935 2675 1051 2707 Ezech.
1077 2673 1143 2706 XX.
1174 2672 1227 2704 40.
1257 2674 1289 2704 et
1318 2683 1409 2715 porro
1419 2686 1427 2711 ;
1455 2674 1558 2716 prael.
1580 2674 1613 2705 in

119 2726 181 2757 Ier.
205 2725 279 2758 VII.
305 2727 363 2765 22,·
386 2728 423 2759 X.
449 2727 506 2766 113
531 2728 651 2762 XXIII.
678 2730 718 2761 28
743 2731 774 2760 et
797 2729 888 2762 Hom.
913 2730 945 2762 in
972 2730 988 2761 1
1015 2730 1096 2762 Sam.
1122 2729 1180 2770 Op.
1205 2728 1292 2760 Tom.
1316 2728 1363 2761 II.
1387 2739 1417 2771 p.
1440 2729 1509 2761 49³.

157 2781 197 2821 11)
224 2782 281 2823 Ep.
310 2783 395 2814 Calv.
419 2783 477 2825 Op.
502 2783 588 2816 Tom.
612 2783 686 2817 IXb.
710 2795 741 2826 p.
767 2785 856 2817 2532.

103 2831 106 2833 Α
156 2836 196 2877 12)
222 2838 299 2869 Inst.
325 2837 387 2870 III.
413 2838 442 2870 2.
469 2839 498 2869 6.
523 2838 561 2870 cf.
585 2839 675 2871 Hom.
699 2840 732 2872 in
758 2840 774 2871 1
801 2840 883 2873 Sam.
907 2839 995 2872 Tom.
1020 2839 1065 2871 II.
1090 2850 1119 2881 p.
1145 2838 1202 2870 92³
1226 2840 1258 2869 et
1282 2838 1370 2871 208³.

155 2891 196 2932 13)
222 2894 300 2924 Inst.
326 2892 390 2925 III.
415 2893 444 2926 2.
469 2892 500 2926 7.

171 2946 196 2986 ¹)
222 2947 301 2979 Inst.
325 2946 381 2980 IV.
407 2948 436 2983 1.
461 2949 492 2980 4.
517 2948 555 2981 cs.
578 2949 654 2981 Ant.
677 2949 749 2984 adv.
763 2949 837 2992 sac.
865 2950 968 2984 Theoi.
991 2949 1209 2984 Parimfflom.
1232 2948 1325 2982 VIII.
1350 2959 1381 2991 p.
1406 2946 1498 2982 19911.
