1849 3239
172 753 207 791 30

154 2134 188 2172 φ

181 2303 216 2340 9,

152 2477 212 2514 40.

150 2752 212 2790 11.

750 229 1118 288 THESES.

270 440 489 480 Discrimen
529 440 679 479 Calvini
720 439 826 477 inter
861 436 1054 489 Lascique
1085 437 1134 476 de
1165 436 1340 476 Ecclesia
1370 437 1611 476 sententiam
1642 439 1681 476 in

272 523 319 549 eo
361 510 531 548 maxime
570 508 766 552 cernitur,
805 507 912 559 quod
952 506 1140 545 Iudaismi
1181 507 1367 558 vestigia,
1407 519 1506 558 quac
1537 507 1576 545 in
1608 506 1681 545 Ro-

269 592 385 618 mana
429 579 602 618 Ecclesia
646 584 903 630 supererant,
943 578 1009 615 ille
1048 577 1283 628 plerumque
1331 576 1566 619 retinuerit,
1614 575 1679 613 hie

269 656 407 688 eontra
436 649 616 687 funditus
646 648 846 699 expellere
877 653 1042 685 conatus
1073 646 1135 685 sit.

267 752 381 798 Quod
411 752 621 791 contendit
657 763 828 796 GOEBEL,
867 750 1012 802 (Gesclt.
1043 750 1109 788 cles
1141 749 1226 788 Chr.
1257 748 1342 787 Leb.
1372 748 1414 787 ‘in
1442 748 1510 786 der
1538 747 1676 787 Rhem-

266 820 431 873 Westplz.
457 821 499 860 K.
528 821 556 859 Ι.
588 821 695 873 340.)
725 819 1174 872 superintendenturam
1204 818 1253 857 ab
1278 820 1299 856 a
1330 817 1453 857 Lasco
1478 830 1518 856 se
1548 817 1675 858 invito

263 891 489 929 institutam
521 903 627 935 esse,
657 891 768 928 nullo
797 890 942 928 idoneo
973 895 1210 941 argumento
1239 888 1394 927 nititur.

259 994 418 1034 Erravit
448 1007 597 1033 GOEBEL
636 995 704 1047 (ib.
737 996 766 1033 Ι.
799 993 926 1046 339.),
956 994 1024 1032 ubi
1055 992 1260 1032 contendit
1294 991 1502 1043 Prophetis
1531 992 1571 1030 in
1602 990 1672 1030 Ee-

260 1066 379 1104 clesia
423 1064 581 1116 Peregr.
625 1063 748 1103 Lond.
792 1064 1032 1116 peculiarem
1080 1063 1187 1101 inter
1228 1062 1425 1100 Ecclesiae
1468 1061 1672 1100 ministros

259 1135 390 1173 locum
422 1135 470 1173 ab
500 1137 521 1173 a
551 1133 676 1173 Lasco
706 1145 792 1172 esse
823 1145 1064 1171 concessum.

255 1239 519 1290 Argumenta,
573 1237 717 1289 quibus
770 1236 979 1275 authentia
1033 1235 1140 1274 Cons.
1186 1234 1313 1274 Lond.
1357 1234 1587 1273 defenditur
1629 1235 1670 1273 in

248 1295 447 1350 numism,
486 1306 598 1346 Kerk.
628 1306 762 1357 mady.
794 1318 839 1343 cn
869 1306 1023 1344 ‘madata
1054 1304 1115 1343 IV.
1147 1306 1200 1343 22.
1232 1305 1309 1343 229
1340 1317 1396 1356 sq.
1428 1304 1549 1349 1843,
1584 1316 1668 1355 par-

255 1377 326 1414 tim
357 1376 453 1415 salsa
485 1384 598 1421 sunt,
628 1377 772 1427 partim
802 1388 881 1414 non
913 1375 1125 1414 sufficiunt.

251 1511 425 1552 Historia
466 1513 741 1553 Ecclesiastica
781 1527 829 1553 eo
869 1521 1026 1553 tantum
1065 1514 1144 1552 fine
1184 1514 1410 1557 excolatur,
1449 1519 1494 1550 ut
1525 1511 1595 1550 Dei
1624 1512 1666 1550 in

251 1580 427 1621 Ecclesia
473 1584 678 1622 condenda
719 1585 927 1623 consilium
968 1584 1120 1627 edocti,
1160 1584 1232 1635 ipsi
1273 1583 1418 1622 dehinc
1456 1594 1544 1620 cum
1585 1580 1667 1620 Deo

252 1654 510 1704 cooperemus
540 1653 580 1691 in
612 1652 786 1692 Ecclesia
817 1653 1090 1706 propaganda,
1121 1652 1373 1705 perficienda.

250 1754 294 1793 In
326 1755 499 1795 Historia
531 1756 805 1795 Ecclesiastica
836 1757 1058 1795 enarranda
1092 1768 1195 1795 nova
1231 1755 1420 1807 periodus
1454 1753 1666 1794 inchoetur

250 1825 344 1864 inde
376 1840 396 1865 a
427 1825 620 1879 Gregorio
650 1826 802 1879 Magno.

249 1962 337 2002 Vita
377 1963 528 2002 Nicolai
569 1977 690 2016 papae
730 1964 771 2002 in
812 1962 932 2002 Libro
964 1962 1187 2001 Pontificali
1218 1962 1419 2001 immerito
1451 1961 1661 2002 Anastasio

248 2034 401 2071 auctori
432 2033 633 2072 tribuitur.

248 2135 479 2174 Anastasius
510 2135 642 2174 Abbas
673 2143 713 2173 et
744 2136 976 2173 Anastasius
1007 2135 1247 2178 Cardinalis,
1278 2148 1348 2173 cur
1372 2149 1393 2174 a
1419 2148 1459 2173 se
1488 2135 1656 2175 invicem

248 2203 565 2255 distinguantur,
596 2206 704 2243 nulla
734 2205 876 2243 idonea
906 2217 1021 2243 causa
1052 2205 1194 2243 adduci
1224 2212 1366 2256 potest.

273 2301 434 2355 Legati,
465 2317 562 2355 quos
593 2305 642 2343 ad
674 2303 876 2343 Nicolaum
906 2305 1015 2342 misit
1047 2303 1232 2347 Photius‚
1263 2316 1343 2342 non
1374 2305 1426 2341 a⁰.
1457 2304 1553 2348 859,
1585 2304 1655 2343 scd

273 2374 325 2411 3⁰.
356 2374 426 2412 861
464 2373 625 2412 Romam
658 2381 866 2412 venerunt.

270 2476 381 2515 Inter
411 2490 498 2522 eos,
529 2478 597 2528 qui
629 2479 730 2516 serie
761 2477 915 2515 Decret.
947 2475 1163 2515 Ps-Isidor.
1192 2476 1421 2527 proclamati
1447 2482 1540 2514 sunt
1565 2489 1653 2515 auc-

272 2553 397 2590 tores,
436 2559 554 2585 nemo
593 2548 725 2598 plures
765 2547 946 2586 veritatis
984 2544 1183 2584 numeros'
1201 2546 1354 2597 explet,
1395 2558 1512 2596 quam
1542 2544 1654 2584 Ehbo

272 2614 487 2654 Remensis.

268 2751 467 2791 Ecclesiae
497 2753 708 2793 invisibilis
738 2754 880 2806 dogma
910 2754 1124 2792 reiiciatur.

270 2855 463 2908 Spiritum
494 2863 621 2895 sctum
653 2869 861 2909 personam
897 2869 982 2895 esse
1023 2854 1222 2894 immerito
1251 2852 1371 2892 hodie
1401 2866 1422 2891 a
1452 2853 1651 2905 plerisque

271 2933 451 2977 negatur.
