1849 3239
967 124 1017 162 98

244 259 422 305 pastores
452 267 568 293 nemo
598 268 690 307 prae
721 256 864 294 ceteris
894 257 1130 295 auctoritate
1161 257 1321 295 eminet.
1378 256 1408 294 E
1439 256 1637 296 contrario
1666 254 1737 295 Ge·-

246 335 370 361 nevae
401 336 551 362 summa
582 325 622 362 in
654 324 824 362 Ecclesia
856 332 1028 376 potestas
1057 326 1096 363 in
1127 333 1328 377 pastorum
1359 326 1496 365 ordine
1528 327 1601 364 sita
1632 331 1737 370 erat,

247 391 336 441 qui,
365 390 405 428 in
436 391 604 429 solidum
635 405 656 430 a
687 390 917 430 Senioribus
946 393 1146 438 distincti,
1183 385 1254 432 soli
1285 394 1505 433 doctrinam
1535 395 1738 434 curabant.

246 458 332 511 Ipse
362 460 547 499 Calvinus
577 460 814 512 praesidium
846 461 886 500 in
917 474 1052 501 eorum
1083 475 1266 502 consessu
1293 470 1562 515 occupaverat.
1620 463 1740 518 Disci-

247 528 394 580 plinam
431 542 547 581 porro
579 528 913 576 Ecclesiasticam,
943 532 1099 583 qualem
1130 545 1151 571 e
1181 533 1328 572 veteris
1357 532 1554 573 Ecclesiae
1584 545 1660 572 usu
1698 533 1739 571 in

247 599 403 650 scriptis
431 599 512 636 suis
542 597 728 637 Calvinus
756 601 1027 648 commendat,
1058 601 1173 640 unice
1202 602 1284 640 sere
1315 602 1445 641 tendit
1469 603 1510 641 in
1535 602 1740 641 doctrinae

246 667 435 706 tuendam
476 668 712 719 puritatem,
751 682 872 720 quum
912 677 1047 709 contra
1087 671 1315 723 disciplina,
1353 684 1470 723 quam
1504 671 1586 723 ipse
1617 670 1741 710 Gene-

246 747 317 774 vae
347 735 502 787 legibus
531 736 733 781 definivit,
763 745 922 789 praeter
951 739 1190 784 doctrinam,
1220 753 1349 779 mores
1379 753 1536 792 quoque
1566 747 1606 779 et
1636 740 1740 778 vitae

245 803 389 855 agendi
419 805 613 844 rationem
642 806 768 857 magis
797 807 1020 858 spectabat,
1050 809 1120 847 scd
1150 821 1197 848 eo
1221 810 1381 848 nomine
1407 809 1523 848 nimis
1552 809 1672 848 etiam
1701 809 1743 847 in

246 885 329 911 rem
360 873 615 913 domesticam
646 875 885 915 insinuabat.
942 876 985 915 In
1016 878 1173 929 scriptis
1198 879 1370 930 denique
1400 878 1584 918 Calvinus
1613 878 1743 930 politi-

245 953 329 981 cam
370 949 410 981 et
450 942 765 984 Ecclesiasticam
805 953 1043 997 potestatem
1084 947 1184 987 bene
1225 962 1246 987 a
1285 961 1326 987 se
1366 948 1535 987 invicem
1574 947 1743 987 secrevit

244 1017 363 1063 atque
389 1014 586 1064 seposuit,
617 1026 738 1065 quum
765 1022 901 1053 contra
928 1014 1110 1055 Genevae
1136 1023 1305 1068 utraque
1331 1023 1505 1068 potestas
1530 1023 1610 1056 tam
1636 1023 1744 1056 arcte

242 1079 350 1119 inter
379 1093 421 1121 se
451 1083 660 1122 coniuncta
692 1090 798 1129 erat,
828 1091 873 1122 ut
902 1085 1027 1124 civilis
1056 1086 1214 1138 politia,
1252 1086 1412 1125 nomine
1448 1085 1647 1126 Ecclesiae
1676 1086 1743 1125 do·
1799 1072 1803 1077 ¹

242 1150 372 1196 mina,
400 1164 444 1191 re
474 1151 543 1191 fiat
573 1151 772 1192 Ecclesiae
802 1154 954 1193 ancilla.

728 1444 1005 1486 CONCLUSIO
1035 1445 1214 1485 PARTIS
1243 1446 1281 1492 Ι,

436 1588 510 1621 QUA
535 1587 648 1614 BREVI
673 1588 820 1615 CALVINI
844 1590 894 1616 DE
918 1590 1090 1616 ECCLESIA
1114 1589 1311 1616 SENTENTIA
1335 1588 1553 1615 EXPONITUR.

299 1705 472 1745 Ecclesia
501 1707 642 1758 (lupleoe
671 1712 742 1753 est,
782 1720 942 1760 quaram
971 1709 1095 1748 altera
1125 1708 1317 1747 hominum
1346 1708 1470 1747 oculos
1498 1706 1599 1758 suffit
1627 1710 1661 1744 el
1690 1717 1745 1744 so-

249 1775 323 1814 lius
351 1776 421 1814 Dei
449 1782 617 1827 respectu
642 1776 817 1816 Ecclesia
840 1778 1001 1831 (licitur,
1033 1783 1142 1830 atquc
1167 1778 1258 1816 adeo
1283 1781 1424 1817 natura
1450 1788 1519 1816 sua
1544 1780 1596 1815 est
1620 1774 1745 1814 invi·

247 1846 435 1884 sibilis.
494 1844 564 1884 Est
599 1846 691 1883 llaec
720 1845 895 1885 Ecclesia
924 1847 1081 1885 societas
1104 1859 1256 1892 eoram,
1296 1846 1359 1898 qui
1393 1845 1595 1884 secundum
1629 1848 1747 1882 aeter-

246 1927 337 1954 nam
366 1914 437 1953 Dei
466 1914 736 1965 beneplacitam
762 1915 812 1953 acl
843 1916 1002 1954 salutem
1031 1920 1118 1954 szmt
1140 1914 1413 1966 praedestinati
1424 1929 1438 1959 ,·
1468 1914 1509 1952 in
1532 1925 1607 1965 qua
1630 1913 1749 1963 igitar

248 1984 418 2029 izullam,
457 1997 573 2036 neque
605 1985 694 2030 Ioci,
733 1998 850 2036 neque
880 1985 1056 2036 temporis
1084 1985 1288 2023 discrimen
1313 1984 1540 2022 observatur.
1597 1982 1749 2027 Altera,

249 2065 344 2105 quae
383 2054 575 2093 homimem
612 2059 780 2106 respecta
818 2054 992 2093 Ecclesia
1031 2054 1193 2099 (licitur,
1234 2054 1472 2093 visibilis
1502 2057 1575 2097 est,
1614 2056 1648 2090 et
1677 2055 1749 2090 toto

250 2123 348 2161 coelo
399 2128 540 2162 secreta
583 2124 630 2163 ab
677 2124 800 2163 altera
843 2124 916 2163 illa
959 2123 1152 2169 Ecclesia,
1196 2135 1354 2175 quacum
1398 2123 1431 2161 ci
1474 2121 1628 2161 nonnisi
1670 2121 1748 2171 for-

250 2192 347 2231 tuita
385 2193 569 2244 quaedam
601 2193 738 2232 relatio
768 2193 974 2232 intercedit.
1032 2193 1135 2231 Haec
1164 2197 1288 2231 autem
1318 2191 1510 2237 Ecclesia,
1540 2191 1590 2230 acl
1619 2189 1751 2229 mimdi

250 2263 434 2314 oriqinem
472 2263 703 2308 revocanda,
740 2268 773 2301 et
811 2262 919 2301 *initio
959 2274 1255 2314 quaquaversum
1293 2262 1466 2313 dispersa
1501 2272 1545 2299 ac
1574 2259 1749 2304 disiecta,

249 2344 337 2371 mocc
366 2332 417 2371 aa
445 2332 656 2371 Abralzami
684 2332 878 2383 familiam
906 2336 939 2371 et
968 2331 1235 2370 [sraelitai-um
1263 2335 1409 2382 yentem
1438 2342 1514 2369 sese
1539 2328 1749 2373 contraoeit,

250 2401 365 2440 donec
398 2407 484 2453 post
525 2401 667 2441 Christi
706 2401 904 2440 adventum
943 2414 961 2439 e
998 2400 1156 2452 reliquis
1195 2413 1334 2451 qnoque
1369 2399 1586 2438 nationibus
1615 2398 1752 2448 eliyere

250 2471 430 2522 quosdam
463 2471 582 2510 visam
617 2471 665 2509 sit
695 2470 781 2509 Deo.
838 2470 1139 2509 Maclzinationcs
1181 2469 1368 2514 Satanae,
1414 2468 1478 2520 qui
1514 2467 1585 2506 Dei
1623 2466 1751 2505 Eccle-

251 2540 330 2579 siac
367 2541 551 2580 insidiari
589 2553 792 2593 numquam
831 2545 971 2586 cessat,
1001 2540 1232 2591 omnipotens
1260 2539 1330 2578 Dei
1357 2539 1477 2578 virtus
1506 2538 1641 2576 irritas
1669 2537 1751 2575 recl-

251 2609 307 2648 clit
336 2615 369 2648 et
397 2610 599 2650 incassum.
657 2610 741 2662 Ipse
771 2610 870 2649 Deus
901 2610 1000 2648 lianc
1029 2608 1241 2648 Ecclesiam
1270 2608 1394 2647 electis
1425 2607 1503 2646 suis
1526 2607 1568 2645 in
1591 2606 1755 2646 medium

250 2679 399 2730 qratiae
424 2679 554 2731 offert,
579 2679 675 2732 qaocl
700 2679 750 2718 acl
774 2679 910 2718 matris
933 2679 1058 2718 instar
1081 2677 1292 2716 institueret
1316 2690 1376 2716 cos
1396 2681 1505 2728 atque
1529 2676 1703 2715 educaret
1714 2676 1752 2728 ¹).

297 2856 322 2896 1)
347 2855 432 2898 Quid
448 2856 529 2887 inter
545 2856 724 2887 societatem
737 2855 768 2885 et
780 2854 969 2885 institutum
984 2853 1125 2891 intersit,
1142 2852 1259 2894 optime
1275 2851 1492 2892 intelligetur,
1512 2851 1538 2881 si
1555 2851 1752 2892 reputamus,

248 2911 438 2949 Ecclesiam,
464 2921 541 2952 quae
564 2913 611 2942 est
627 2910 777 2948 societas,
795 2919 977 2940 evanescere
994 2907 1082 2939 illico
1095 2918 1115 2942 ,e
1132 2907 1313 2948 conspectu,
1338 2905 1526 2947 simulatque
1539 2904 1616 2935 socii
1634 2903 1753 2942 desint,

249 2977 346 3010 quum
370 2967 477 2997 contra
500 2964 653 3005 Ecclesia,
679 2974 756 3007 quae
785 2964 962 2996 institutum
990 2962 1097 3004 potius
1120 2961 1261 2993 habenda
1284 2963 1347 3000 cst,
1372 2959 1496 3003 qualem
1519 2958 1661 2992 definivit
1685 2968 1752 2989 eam
