1879 3239
861 71 912 110 43

147 229 244 256 »ore
275 214 423 267 pariter
453 208 738 263 glorificemus,
770 206 890 258 idque
921 205 1069 257 palam,
1095 208 1139 241 ut
1161 213 1298 240 omnes
1324 199 1493 239 vicissim
1519 211 1539 236 a
1565 210 1636 236 suo

147 285 342 337 »quisque
367 282 489 320 fratre
511 278 795 318 consessionem
823 275 915 313 fidci
942 273 1134 325 accipiant
1159 278 1200 309 et
1225 271 1273 309 ad
1299 270 1384 308 eius
1412 268 1637 318 exemplum

147 355 398 394 »invitentur
441 357 481 388 et
525 348 743 387 incitentur
779 345 824 397 ¹²)
927 343 1090 394 Semper
1134 347 1267 379 autem
1315 350 1404 377 cum
1452 336 1638 374 adiuncta

149 442 164 460 »
177 428 428 476 peccatorum
453 417 697 457 consessione
720 414 802 467 13)”,
845 430 860 447 »
874 425 963 451 cum
979 411 1122 450 fiducia
1139 416 1258 460 atque
1274 405 1541 457 intelligentia
1558 402 1640 455 ¹⁴)’',

151 494 219 532 »in
249 490 409 530 nominc
435 487 579 527 Christi
607 485 655 523 ad
680 483 838 522 Patrem
856 481 924 534 ¹⁵)'’
951 479 1191 532 precandum
1217 489 1301 516 esse
1327 476 1454 514 docet.
1499 473 1640 512 Preces

150 563 198 601 ad
223 566 371 599 certam
398 556 595 609 quandam
620 553 828 592 formulam
863 556 1076 601 conceptae
1094 548 1152 600 1⁶),
1196 553 1308 585 »tum
1334 544 1443 582 horis
1465 542 1640 585 stativis,

116 620 118 622 ¹
151 638 264 669 »tum
291 627 458 667 subinde
480 626 520 663 in
541 623 691 663 maiore
709 622 839 672 aliqua
864 618 1100 658 necessitate
1127 616 1332 655 condictae
1355 613 1413 666 ¹⁷).
1441 611 1520 650 »ad
1546 609 1641 649 inci-

153 699 294 739 tandos
334 696 512 735 fidelium
552 693 702 731 animos
736 701 919 740 magnam
945 688 1160 726 utilitatem
1186 684 1335 723 habere
1365 682 1506 721 solent.
1548 678 1642 717 Fer-

151 770 281 809 vidam
312 778 383 818 pro
412 764 512 803 vivis
541 760 866 801 intercessionem
892 757 1028 796 laudat
1053 762 1171 806 atque
1197 751 1463 796 commendat,
1491 772 1545 778 --
1572 760 1642 800 pro

152 836 353 878 defunctis
382 839 519 873 contra
550 829 745 882 improbat
775 827 1034 867 vehementer
1060 825 1114 878 ¹⁸).

207 907 243 945 b.
290 904 448 943 Cautum
472 900 665 953 publicum
693 898 968 940 retinendum,
1003 901 1043 933 et
1072 893 1141 932 ubi
1170 893 1248 930 iam
1278 889 1496 932 exciderat,
1531 885 1644 926 resti-

155 975 349 1016 tuendum
383 984 468 1012 esse
497 976 653 1013 censet,
684 975 871 1018 tanquam
921 962 1241 1002 »sanctissimum
1272 965 1312 997 et
1340 956 1646 996 saluberrimum

157 1045 433 1086 »institutuim
473 1039 693 1079 cavendum
732 1044 865 1075 tamen
905 1034 1136 1085 diligenter,
1175 1043 1224 1068 ne
1256 1029 1305 1067 ad
1333 1026 1647 1067 modulationem

158 1113 424 1153 »intensiores
463 1110 542 1148 sint
580 1118 716 1151 aures,
756 1116 871 1156 quam
912 1102 1032 1141 animi
1071 1101 1120 1139 ad
1160 1099 1406 1151 spiritualem
1438 1095 1649 1135 verborum

840 344 860 357 79

158 1193 345 1221 »sensum
373 1179 452 1231 ¹⁹).”

207 1263 239 1289 c.
279 1248 367 1287 Dies
396 1245 529 1298 festivi.
574 1244 659 1283 Dici
680 1242 866 1283 dominici
893 1241 1076 1280 stativam
1102 1238 1421 1278 observationem
1446 1234 1521 1274 hoc
1537 1239 1652 1287 pacto

156 1319 394 1369 ferriposse
424 1316 462 1354 in
494 1314 670 1353 Ecclesia
700 1312 921 1352 Christiana
952 1310 1069 1349 docet
1099 1308 1300 1352 Calvinus,
1340 1312 1384 1345 ut
1422 1316 1492 1358 pro
1526 1303 1651 1343 homi-

156 1401 251 1428 num
296 1385 527 1426 infirmitate
586 1381 708 1421 »stati
753 1381 833 1420 sint
880 1380 964 1418 dies
1003 1378 1052 1417 ad
1090 1382 1311 1416 conventus
1355 1373 1652 1413 Ecclesiasticos

159 1456 413 1498 »habendos‚
452 1452 576 1492 servis
614 1451 710 1490 item
750 1456 790 1488 et
830 1448 1020 1501 operariis
1051 1460 1120 1485 sua
1150 1447 1269 1485 detur
1299 1459 1318 1484 a
1348 1444 1482 1483 labore
1517 1443 1654 1482 remis·

160 1527 248 1565 »sio
273 1525 360 1578 ²⁰),''
398 1523 517 1562 modo
567 1521 698 1560 »absit
740 1519 976 1571 mysterium
1022 1516 1227 1568 spirituale
1273 1515 1312 1553 in
1357 1526 1405 1553 eo
1443 1512 1517 1552 sibi
1556 1511 1655 1564 figu-

161 1608 249 1640 rare
275 1593 356 1646 ²¹).’'
413 1591 500 1630 Non
539 1597 598 1629 est
637 1590 777 1641 igitur,
816 1601 886 1626 cur
916 1586 1031 1625 anxie
1062 1586 1101 1624 in
1126 1585 1201 1623 hoc
1232 1584 1295 1623 vel
1326 1584 1393 1622 illo
1424 1583 1488 1621 die
1517 1581 1656 1620 haere-

162 1676 315 1708 remus,
354 1674 475 1714 quarc
514 1659 728 1699 confitetur
772 1669 841 1696 »se
880 1668 961 1695 non
992 1656 1272 1694 damnaturum
1303 1664 1388 1691 esse
1419 1651 1656 1694 Ecclesiam,

164 1746 293 1786 »quac
325 1732 420 1771 alios
450 1728 710 1769 conventibus
741 1727 821 1766 suis
847 1726 1044 1765 solemnes
1069 1723 1154 1762 dies
1183 1722 1330 1761 habeat
1352 1720 1398 1773 22)
1482 1719 1537 1759 De
1567 1719 1658 1759 reli-

163 1804 250 1854 quis
289 1801 429 1840 diebus
466 1799 578 1838 sestis
616 1798 746 1836 minus
781 1796 954 1846 benigne
986 1793 1125 1837 sentit,
1155 1799 1195 1831 ct
1240 1792 1300 1829 »si
1330 1802 1466 1840 omnes
1496 1789 1658 1841 abroga-

164 1888 179 1905 »
194 1877 353 1914 rentur,
383 1869 556 1907 libenter
582 1866 851 1917 acquiesceret
868 1863 958 1916 ²³);”
988 1863 1056 1901 ubi
1081 1869 1214 1901 tamen
1237 1858 1432 1900 celebrari
1452 1859 1660 1910 hucusque

164 1939 363 1983 solebant,
402 1939 456 1976 ita
487 1936 652 1975 retineri
683 1940 869 1986 possunt,
898 1940 943 1971 ut
987 1932 1067 1970 »sit
1097 1931 1268 1971 liberum
1298 1930 1366 1973 iis,
1401 1928 1468 1980 qui
1498 1928 1660 1971 volunt,

164 2015 279 2062 »post
317 2007 548 2047 concionem
587 2005 637 2044 ad
675 2016 773 2056 opus
803 2015 844 2042 se
874 2002 1054 2041 conferre
1079 2000 1162 2054 21’).”
1191 2023 1244 2029 —
1273 1998 1470 2044 »Quoties
1499 2009 1563 2037 res
1592 1996 1661 2036 ali-

1413 1720 1434 1733 15

1401 1750 1410 1759 ι

205 2197 244 2237 12)
271 2197 350 2229 Inst.
374 2195 437 2228 ΙΙΙ.
463 2195 513 2227 20.
540 2195 591 2226 31.

205 2253 244 2292 13)
269 2252 340 2294 qu.
363 2251 437 2283 Ant.
465 2250 625 2282 Cathalim'
647 2249 734 2281 Tom.
759 2248 852 2279 VIII.
878 2246 968 2279 333³.

205 2307 246 2346 14)
270 2307 319 2338 De
341 2316 406 2337 nec.
429 2305 489 2347 ref.
514 2305 598 2337 Eccl.
622 2304 710 2335 Tom.
734 2303 828 2334 VIII.
852 2302 921 2333 45³.

208 2362 247 2402 ¹⁵)
271 2362 362 2403 Resp.
387 2360 431 2392 ad
451 2362 570 2402 quaest.
594 2358 805 2391 Blandratae.
829 2357 917 2389 Tom.
942 2355 1033 2388 VIII.
1058 2367 1088 2398 p.
1113 2354 1205 2386 586b.

207 2417 248 2458 16)
272 2417 377 2448 Lettre
398 2427 441 2448 au
456 2418 541 2458 prot.
565 2414 679 2456 dAnyl.
705 2415 830 2453 (HENRY
855 2412 901 2444 II.
925 2411 1006 2444 Beil.
1030 2412 1060 2443 4.
1082 2411 1112 2443 S.
1137 2410 1190 2450 34)
1218 2409 1256 2441 cf.
1280 2406 1362 2440 Beil.
1386 2408 1416 2440 8.
1439 2407 1469 2440 S.
1495 2407 1614 2443 65-7,

209 2472 249 2512 ¹7)
274 2473 353 2503 Inst.
377 2471 440 2503 III.
465 2471 516 2502 20.
540 2470 593 2502 29.

212 2526 250 2566 18)
278 2527 364 2568 Conf.
378 2527 439 2569 fid.
464 2537 495 2558 n.
522 2526 608 2557 Ecel.
637 2525 718 2556 Gall.
743 2523 830 2555 Tom.
856 2522 948 2554 VIII.
971 2531 1003 2562 p.
1029 2520 1096 2552 932.
1122 2519 1159 2551 cf.
1184 2519 1264 2551 Inst.
1289 2516 1355 2548 III.
1380 2516 1435 2548 IV.
1460 2517 1512 2548 11.

212 2583 252 2623 ¹⁹)
277 2583 356 2614 Inst.
380 2582 436 2614 IV.
452 2582 503 2614 20.
528 2581 580 2613 32.
604 2580 643 2612 cf.
656 2580 699 2612 ib.
715 2579 771 2611 IV.
786 2578 837 2610 20.
866 2577 925 2616 31,
950 2577 1002 2609 33.
1029 2576 1138 2608 Comm.
1163 2574 1208 2606 ad
1221 2573 1298 2615 ΕΜ.
1324 2571 1362 2603 V.
1382 2572 1421 2604 19
1439 2573 1471 2604 et
1486 2574 1602 2603 HENRY
1621 2571 1667 2605 ΙΙ.

173 2637 253 2669 Bcil.
279 2638 308 2668 8.
333 2637 363 2669 S.
388 2637 428 2671 67
453 2647 496 2678 sq.

211 2691 252 2731 ²⁰)
276 2692 356 2723 Inst.
380 2691 426 2723 II.
451 2691 480 2722 8.
505 2690 546 2722 32
569 2691 607 2723 cf.
630 2690 676 2722 ΙΙ.
701 2690 731 2721 8.
757 2689 796 2721 31
822 2690 854 2720 et
879 2692 973 2731 Reop.
997 2688 1107 2719 contr'a
1129 2692 1220 2717 P1GH.
1245 2683 1333 2715 Tom.
1357 2680 1450 2715 VIII.
1474 2680 1567 2717 173b.

212 2745 253 2786 2¹)
278 2746 358 2778 Inst.
381 2745 426 2776 ΙΙ.
452 2745 481 2776 8.
506 2745 558 2776 33.
691 2744 732 2785 22)
757 2744 837 2776 Ῑηεί.
863 2743 909 2776 II.
936 2743 965 2775 8.
991 2742 1043 2775 34.

212 2801 252 2841 ²³)
277 2801 336 2842 Ep.
363 2800 409 2833 ad
433 2800 505 2832 min.
535 2801 669 2833 Burens.
700 2799 787 2831 Tom.
815 2796 890 2831 IXb.
919 2797 986 2830 632.
1015 2796 1055 2831 cf.
1082 2795 1224 2829 Annales
1258 2795 1452 2827 Genevenses
1480 2792 1519 2825 ad
1549 2791 1579 2824 d.
1603 2790 1669 2826 XV.

174 2867 216 2889 m.
239 2854 401 2887 Decembr.
425 2865 452 2886 a.
475 2853 655 2886 MDXLIV.

214 2910 255 2952 24)
281 2911 339 2954 Ep.
367 2910 453 2943 Calv.
478 2910 605 2949 (HENRY
627 2909 655 2944 I.
686 2907 768 2941 Beil.
794 2908 824 2941 8.
848 2908 877 2940 S.
901 2906 966 2949 47.)
