1849 3239
828 79 904 118 159

123 225 192 252 »se
222 212 371 251 habere
401 213 558 258 credat,
587 212 693 264 quod
725 212 900 251 officeret
930 211 1133 255 electioni,
1163 211 1203 249 id
1232 210 1359 262 ipsum
1387 211 1617 252 Senioribus

121 283 334 334 »privatim
364 282 539 321 indicare
569 283 685 326 velit,
716 288 760 320 ut
790 282 831 320 in
861 288 978 320 coetu
1008 281 1167 320 demum
1198 280 1328 332 gravis
1358 282 1618 320 accusationis

122 351 390 390 »examinatio
421 351 570 404 fiat5).’'
618 350 687 389 »Si
719 351 815 402 quid
846 351 1036 389 adversus
1067 350 1214 389 clectos
1239 349 1482 401 proseratur,
1513 350 1618 401 quod

122 420 386 459 »electionem
421 421 582 459 dubiam
618 421 762 459 merito
792 420 920 459 sacerc
951 432 1062 471 posse
1094 419 1295 464 videatur,
1325 419 1440 457 electi
1470 419 1520 457 ad
1548 419 1617 456 mi-

121 490 356 528 »nisterium
385 502 464 529 non
494 490 782 534 admittuntur,
812 490 881 527 sed
911 490 951 527 in
980 490 1108 527 locum
1139 489 1295 527 illorum
1321 488 1619 527 substituuntur

121 576 136 594 u
150 560 216 598 alii
233 559 298 612 ⁶).’'
341 559 548 610 »Denique
579 559 688 611 regia
719 559 954 598 auctoritate
982 558 1251 610 approbantur
1277 556 1618 609 Superintcndens

121 634 190 667 »et
228 628 339 667 verbi
378 629 565 672 ministri,
604 629 746 679 reliqui
785 640 880 668 vcro
920 626 1104 666 Seniores
1143 639 1298 671 omnes,
1334 625 1494 664 Diaconi
1524 626 1618 663 item

120 698 231 736 »sola
263 696 471 736 Seniorum
502 704 541 736 et
572 696 770 735 Ecclesiae
800 697 1037 735 auctoritate
1069 695 1337 747 approbantur
1353 694 1417 747 ⁷).’'
1471 693 1618 739 Quodsi

117 767 249 822 minus
289 766 462 805 fideliter
496 767 612 805 electi
642 779 807 805 munere
838 778 908 804 suo
938 766 1176 817 fungantur,
1208 764 1417 803 Seniorum
1448 763 1619 802 officium

119 842 198 880 est,
231 836 481 874 »ministerio
507 836 681 887 ipsorum
707 848 773 874 eos
799 847 888 874 cum
915 843 1077 873 assensu
1100 833 1297 872 Ecclesiae
1314 833 1534 871 destituere
1550 832 1618 885 ⁸).⁷’

119 918 149 943 c.
185 905 327 953 Quibus
363 905 509 943 ritibus.
564 904 722 950 »Quum
762 904 934 943 Ecclesia
966 916 1045 942 uno
1081 904 1213 954 aliquo
1244 909 1312 940 aut
1342 901 1520 953 pluribus
1549 901 1618 939 mi-

122 975 287 1012 »nisti-is
322 986 418 1025 opus
458 973 600 1019 habet,
638 974 838 1026 publicum
870 973 1060 1011 indicitur
1090 973 1283 1010 ieiunium
1299 971 1377 1023 ⁹),''
1409 978 1449 1009 et
1479 971 1618 1008 solem-

119 1043 179 1080 nis
221 1042 417 1081 habeatur
454 1042 611 1087 concio,
656 1042 704 1080 ad
743 1049 878 1093 preces
917 1041 1091 1093 publicas
1130 1040 1413 1084 instituendas,
1462 1040 1502 1078 in
1542 1052 1618 1091 qua

121 1112 237 1150 simul
267 1113 384 1151 etiam
417 1113 539 1150 totius
568 1111 744 1149 muneris
768 1111 870 1148 ratio
897 1117 1077 1148 accurate
1105 1109 1301 1147 Ecclesiae
1318 1115 1540 1160 exponatur
1556 1108 1617 1160 ¹⁰),

121 1188 161 1219 et
191 1181 318 1232 palam
357 1180 499 1218 electio
538 1179 890 1231 promulgeturss).
949 1178 1246 1216 »Trinundinas
1276 1184 1362 1229 post
1392 1177 1432 1215 in
1462 1177 1619 1228 publico

121 1250 272 1288 »totius
304 1248 496 1286 Ecclesiae
527 1255 643 1286 coetu
674 1248 789 1286 electi
824 1247 1206 1299 inaugurentur'²)'⁷
1265 1248 1405 1285 »iuxta
1435 1246 1618 1298 apostoli-

76 1318 78 1320 ’
121 1330 234 1356 »cam
264 1317 580 1356 observationem
611 1330 682 1368 per
711 1317 1005 1368 impositionem
1034 1329 1223 1355 manuum
1255 1316 1318 1368 ¹³),
1377 1316 1432 1354 ita
1457 1322 1501 1354 ut
1527 1316 1617 1354 »alii

120 1387 321 1427 »ministri
364 1400 408 1425 ac
451 1386 635 1425 Seniores
678 1385 876 1425 Ecclesiae
920 1398 1056 1424 omnes
1095 1385 1290 1437 capitibus
1327 1385 1509 1430 illorum,
1539 1385 1616 1438 ⁸qui

121 1456 267 1496 »electi
298 1462 411 1502 sunt,
440 1469 580 1495 manus
608 1469 687 1495 una
717 1468 853 1495 omnes
882 1455 1190 1508 imponantffl).⁷⁷

1323 1316 1347 1333 27

548 1593 575 1647 §
604 1594 640 1632 4.
697 1594 958 1632 Ministrorum
989 1598 1195 1632 conventus.

173 1733 317 1772 Forma
347 1732 551 1785 regiminis
581 1731 867 1786 Ecclesiastici,
910 1745 1010 1783 quae
1043 1731 1254 1784 Synodalis
1285 1731 1454 1776 dicitur,
1482 1732 1522 1770 in
1553 1731 1624 1771 La-

120 1803 173 1840 sci
204 1802 360 1854 scriptis
390 1801 574 1840 omnibus
603 1802 780 1840 numeris
806 1802 983 1840 absoluta
1010 1801 1124 1840 nobis
1152 1801 1296 1840 tradita
1323 1795 1402 1840 non
1429 1807 1500 1839 est.
1545 1799 1624 1839 Nec

119 1872 281 1916 mirum;
327 1883 542 1922 numquam
582 1870 687 1908 enim
726 1872 747 1908 ἐι
787 1869 910 1909 Lasco
950 1870 1171 1909 theoretice
1211 1883 1320 1909 suam
1359 1870 1407 1908 de
1447 1868 1624 1908 Ecclesia

173 2044 198 2084 5)
222 2043 269 2076 Ib.
294 2054 323 2085 p.
348 2044 401 2075 20.
426 2043 473 2075 Cf.
498 2043 541 2077 ib.
567 2044 706 2076 20—23.
842 2045 866 2084 ⁶)
894 2044 942 2076 Ib.
967 2055 996 2085 p.
1022 2045 1073 2076 24.
1209 2043 1234 2083 ⁷)
1263 2044 1309 2075 Ib.
1333 2055 1363 2085 p.
1391 2058 1423 2086 γ.

171 2097 198 2138 8)
223 2097 270 2129 lb.
298 2109 328 2139 p.
355 2112 384 2129 ν.
425 2097 471 2129 Cf.
500 2097 542 2129 ib.
571 2098 650 2137 532,
677 2099 755 2136 533,
781 2099 854 2130 534.
902 2098 1016 2129 Valent
1045 2098 1119 2129 haec
1147 2098 1251 2129 omnia
1279 2099 1313 2129 in
1341 2099 1499 2130 seniorum
1527 2099 1623 2131 etiam

121 2155 151 2184 et
178 2152 380 2183 diaconorum
407 2151 571 2191 electione,
596 2152 679 2194 quod
706 2152 874 2184 observant
906 2153 1001 2184 etiam
1028 2161 1181 2184 LECHLER
1207 2163 1234 2184 o.
1262 2153 1284 2185 1.
1313 2164 1343 2195 p.
1371 2153 1410 2184 60
1435 2156 1466 2184 et
1494 2163 1623 2185 GOEBEL

121 2208 160 2246 (o.
184 2206 244 2238 1.1-.
259 2217 287 2248 p.
314 2205 412 2245 3411).
460 2205 568 2237 Minus
598 2208 680 2238 reete
710 2209 815 2238 tamen
844 2207 878 2238 in
905 2218 979 2239 voce
991 2207 1130 2239 ministri
1146 2209 1235 2249 (quac
1250 2218 1355 2238 omnes
1369 2218 1410 2239 sc.
1426 2208 1521 2239 simul
1539 2219 1621 2240 com—

119 2260 317 2302 plecteretur)
352 2260 578 2300 substiterunt,
615 2261 668 2292 ubi
702 2261 817 2292 diserta
851 2262 940 2293 Lasci
973 2263 1156 2293 testimonia
1188 2264 1309 2304 praesto
1346 2265 1429 2294 sunt.
1476 2264 1623 2306 Sequitur

118 2315 203 2346 enim
232 2315 266 2345 in
292 2325 322 2356 p.
349 2315 401 2347 24.
443 2316 525 2353 „Hic
552 2318 657 2347 tamen
683 2316 832 2357 quaedam
855 2316 1057 2357 peculiariter
1079 2316 1280 2349 observantur
1300 2318 1380 2349 circa
1403 2319 1622 2350 ministrorum

121 2370 233 2407 „verbi
266 2369 487 2401 electionem.”
534 2370 625 2402 Unde
653 2371 796 2413 sequitur
827 2381 880 2409 ea,
904 2382 980 2413 quae
1007 2371 1211 2412 praecedunt,
1235 2383 1340 2404 omnes
1364 2374 1536 2415 promiscue
1555 2383 1621 2414 spe·

120 2426 215 2456 ctare.
267 2425 428 2467 Nusquam
465 2425 633 2467 peculiaris
667 2429 824 2467 praeterea
858 2426 1020 2457 Seniorum
1053 2425 1265 2467 eligendorum
1300 2427 1382 2458 ratio
1416 2427 1620 2466 describitur,

119 2481 150 2510 et
177 2482 281 2510 tamen
295 2480 328 2510 in
340 2480 593 2521 inaugurationis
610 2479 743 2511 formula
759 2479 906 2520 legimus:
940 2483 1130 2522 „postquam
1143 2480 1285 2511 Seniores
1299 2480 1393 2513 electi
1408 2483 1498 2520 sunt,
1522 2485 1558 2513 ut
1568 2493 1619 2513 su-

123 2545 204 2576 „pra
223 2537 271 2566 est
297 2534 451 2572 dictum,”
481 2546 510 2576 p.
536 2535 590 2567 42.
618 2537 649 2566 et
676 2534 824 2566 similiter
851 2535 885 2565 in
913 2533 1114 2566 diaconorum
1140 2534 1336 2566 initiatione:
1369 2539 1499 2579 „postea
1527 2546 1619 2577 quam

121 2587 252 2620 Diaconi
286 2588 364 2628 iam,
399 2592 460 2625 „ut
494 2590 611 2621 dictum
636 2596 697 2628 est,
729 2589 822 2620 electi
851 2588 946 2620 sunt”
974 2600 1004 2631 p.
1029 2590 1087 2627 483
1113 2589 1147 2620 in
1175 2589 1288 2631 quibus
1317 2590 1420 2622 verbis
1447 2591 1528 2622 illud
1559 2612 1573 2628 n
1584 2593 1620 2623 ut

123 2643 269 2679 „dictum
301 2643 368 2675 est'’
402 2645 575 2675 necessarie
610 2644 648 2676 ad
682 2655 716 2675 ea
751 2644 895 2686 respicit,
925 2654 1002 2686 quae
1041 2655 1133 2687 supra
1159 2645 1196 2676 dc
1223 2645 1374 2677 electione
1400 2646 1619 2678 ministrorum

121 2697 154 2728 in
178 2697 325 2729 universo
354 2698 436 2730 dicta
460 2702 542 2731 sunt.

174 2752 198 2792 9)
223 2753 335 2784 Forma
357 2763 395 2784 ao
416 2756 477 2785 rat.
502 2754 574 2785 min.
598 2753 694 2786 Lond.
719 2764 750 2794 p.
778 2755 811 2786 δ.
948 2753 986 2794 ¹⁰)
1012 2753 1058 2785 lb.
1083 2766 1112 2796 p.
1139 2755 1261 2787 15-16.

161 2806 200 2846 ll)
226 2806 274 2839 Ib.
298 2818 328 2849 p.
354 2807 411 2845 19,
438 2807 488 2838 20.
668 2808 710 2847 ¹2)
734 2807 780 2838 lb.
807 2818 836 2848 p.
862 2807 912 2839 30.
1092 2808 1131 2848 13)
1157 2808 1203 2839 lb.
1229 2820 1258 2850 p.
1285 2809 1335 2840 31.

159 2861 199 2901 l⁴³)
227 2860 273 2893 Ib.
310 2861 360 2895 37.
396 2861 442 2893 Cf.
473 2861 515 2893 ib.
551 2863 609 2900 46,
641 2863 691 2894 50.
739 2862 786 2893 Nc
818 2861 851 2892 in
884 2861 1085 2894 diaconorum
1119 2863 1246 2905 quidem
1272 2863 1452 2895 initiatione
1480 2863 1618 2896 diaconis

124 2925 272 2947 manuum
299 2915 461 2957 impositio
488 2916 667 2947 conceditur
695 2916 743 2948 Of.
768 2915 810 2947 ib.
835 2926 864 2956 p.
890 2916 943 2948 50.
