1879 3239
159 97 197 123 1v

158 218 323 262 debeat,
358 230 409 256 an
443 230 559 263 vero,
598 217 706 269 quod
743 229 833 255 cum
862 214 1005 254 fiducia
1035 213 1231 254 affirmare
1262 214 1408 259 ausim,
1437 224 1564 253 novus
1593 212 1660 250 ille

158 286 425 338 organismus,
456 285 523 336 qui
554 297 672 324 cursu
701 283 893 335 temporis
924 288 1063 334 sponte
1093 295 1163 321 sua
1193 294 1242 322 ex
1266 281 1460 321 hodierna
1484 280 1660 320 Ecclesia

157 354 353 406 prodibit,
383 366 453 393 suo
484 366 642 405 quoque
673 354 759 392 iure
790 351 988 391 Ecclesiae
1018 364 1165 391 nomen
1196 350 1396 391 vindicare
1423 351 1497 389 sibi
1523 356 1660 401 queat,

159 412 355 474 quamvis‘
375 422 426 461 sit
455 422 579 474 ipsius
608 421 718 460 notio
748 420 956 459 immutata
971 419 1013 470 6).
1069 418 1114 458 In
1143 419 1300 458 veriore
1330 425 1463 459 autem
1492 418 1566 457 hac
1596 419 1663 456 Ec-

159 491 302 529 clesiae
327 490 491 529 notione
517 489 760 540 indaganda.
789 488 1079 539 praeparanda,
1109 487 1390 526 constituenda
1419 499 1559 538 parum
1584 498 1663 524 om·
1695 525 1698 528 ,

160 560 257 599 nino
291 559 510 611 proderunt
551 558 664 596 nobis
703 558 926 609 exquisitae
967 570 1011 595 ac
1042 558 1305 609 grandisonae
1335 556 1550 599 formulae,
1580 554 1665 605 qui-

161 629 236 668 bus
282 629 469 680 pleraque
508 626 752 692 dogmatices
795 633 1013 678 systemata
1052 626 1281 665 etiamnunc
1310 625 1508 664 Ecclesiae
1538 623 1665 662 notio-

162 710 254 737 nem
293 696 460 735 definire
499 702 695 747 pergunt,
733 701 774 735 et
804 695 1140 747 quemadmodum
1167 696 1208 734 in
1238 695 1404 746 reliquis
1433 693 1616 733 omnibus
1645 705 1666 731 a

164 768 275 807 vanis
305 764 644 817 speculationibus
673 764 723 803 ad
752 764 856 816 ipsas
884 776 948 802 res
978 764 1019 802 in
1049 765 1154 803 sacto
1182 765 1329 816 positas
1358 764 1399 802 in
1429 763 1514 802 dies
1542 762 1668 814 magis

164 835 387 888 dogmatice
431 834 556 878 redit,
600 840 641 872 et
684 846 718 873 v.
749 846 779 871 c.
823 832 1026 872 hominem
1069 845 1151 874 non
1194 833 1361 884 amplius
1407 833 1448 871 in
1486 832 1669 884 paradiso

165 905 280 944 unice
318 904 401 942 fere
440 903 515 942 sibi
545 903 714 955 cogitat,
754 902 824 941 sed
854 902 981 954 qualis
1010 908 1147 940 nostro
1178 908 1356 953 tempore
1385 907 1668 953 cognoscatur;

165 973 386 1017 Christum,
416 985 496 1011 non
527 973 683 1023 qualem
714 971 876 1010 finxerit
906 984 996 1011 eum
1025 971 1127 1013 fama
1158 977 1198 1010 et
1227 971 1482 1009 decreverint
1498 970 1590 1008 olim
1608 981 1670 1007 oc-

166 1042 370 1082 cumenica
399 1040 583 1084 concilia,
614 1040 683 1078 sed
713 1040 869 1091 qualem
894 1038 1084 1077 historica
1109 1039 1234 1077 nostri
1261 1039 1451 1090 temporis
1471 1038 1671 1077 conscien-

165 1113 221 1151 tia
251 1124 341 1150 eum
370 1109 663 1161 apprehendam
694 1109 799 1148 vitae
829 1115 1016 1147 aeternae
1039 1120 1176 1160 spem,
1194 1120 1285 1147 non
1315 1108 1471 1159 qualem
1501 1107 1671 1146 somnia-

167 1181 298 1220 verint
343 1192 428 1218 eam
473 1179 590 1230 prisci
630 1178 791 1222 Iudaei,
830 1178 900 1216 sed
939 1178 1066 1229 qualis
1105 1183 1243 1216 nostro
1282 1177 1413 1216 animo
1443 1176 1672 1220 inhaereat,

166 1249 281 1288 nobis
310 1248 520 1292 describit,
556 1248 610 1285 sic
641 1259 800 1298 quoque
830 1247 871 1285 in
890 1245 1099 1287 Ecclesiae
1128 1247 1292 1285 notione
1323 1243 1586 1298 exponenda,⁸
1604 1245 1670 1283 de-

167 1319 271 1357 sinat
310 1318 469 1356 tandem
511 1318 550 1355 in
589 1329 708 1355 sensu
743 1317 877 1355 vacuis
917 1317 1167 1368 acquiescere
1205 1316 1405 1361 formulis,
1435 1322 1475 1354 et
1503 1315 1671 1353 historia

167 1387 267 1426 duce
306 1400 327 1425 e
357 1386 599 1425 conscientia
638 1387 765 1424 nostri
796 1386 986 1437 temporis
1016 1386 1200 1437 religiosa
1229 1386 1448 1424 feliciorem
1476 1384 1673 1424 Ecclesiae

168 1456 438 1495 conditionem
468 1461 601 1493 mente
631 1462 868 1506 augeretur,
907 1462 948 1493 et
977 1455 1182 1493 doctrinae
1213 1467 1307 1493 suae
1335 1455 1485 1493 lumine
1514 1465 1674 1504 praepa-

168 1531 231 1563 ret
260 1525 355 1575 ipsa.
412 1522 631 1574 Religionis
670 1522 924 1574 propagatrix
955 1535 1036 1561 non
1066 1529 1126 1561 est
1156 1522 1351 1567 Ecclesia,
1381 1522 1451 1561 sed
1481 1522 1554 1574 ipsi
1584 1522 1674 1560 reli-

169 1593 277 1645 gioni
306 1592 424 1630 insita
455 1592 512 1630 vis
542 1592 627 1629 eius
657 1591 787 1629 ideam
817 1592 1014 1642 propellit.
1071 1590 1289 1643 Religionis
1320 1603 1498 1643 organon
1528 1591 1675 1642 singuli

169 1668 263 1700 sunt
292 1661 494 1705 homines,
534 1660 575 1698 in
606 1660 751 1710 quihus
781 1660 992 1711 religiosus
1023 1672 1161 1698 sensus
1191 1659 1401 1703 efferbuit,
1431 1666 1472 1698 et
1501 1658 1675 1699 Ecclesia

169 1731 317 1769 idcirco
348 1737 503 1768 tantum
533 1730 588 1768 sic
614 1730 802 1781 appellari
828 1735 981 1781 potest,
1011 1729 1117 1780 quod
1142 1728 1349 1767 hominum
1373 1729 1675 1769 multitudinem

170 1799 457 1850 complectitur.
515 1798 677 1850 Proprie
726 1798 909 1849 quidem,
956 1798 1089 1853 nullus
1127 1797 1337 1849 peculiaris
1377 1798 1417 1836 in
1453 1799 1676 1850 dogmatica

169 1868 392 1907 Christiana
420 1867 726 1919 Ecclesiologiae
755 1868 865 1905 locus
895 1867 1087 1918 assignari
1117 1872 1267 1917 potest,
1299 1867 1373 1905 nisi
1404 1868 1491 1905 loco
1522 1868 1571 1906 de
1597 1868 1675 1907 sin-

173 1938 255 1990 guli
296 1937 470 1976 hominis
513 1937 563 1975 ad
606 1936 729 1976 Deum
768 1937 984 1981 relatione,
1024 1937 1194 1975 alterum
1233 1936 1450 1988 adiungere
1490 1936 1587 1976 velis
1627 1936 1676 1975 de

171 2006 380 2045 hominum
418 2006 690 2045 multitudinis
728 2006 777 2045 ad
816 2005 963 2051 Deum,
1002 2006 1131 2057 deque
1162 2017 1301 2044 eorum
1330 2011 1468 2044 mutua
1498 2005 1548 2044 ad
1577 2005 1677 2044 invi-

174 2088 258 2115 cem
297 2075 492 2114 relatione
508 2075 549 2128 ⁷).
615 2074 730 2114 Omni
788 2081 921 2115 autem
964 2075 1232 2127 dogmaticae,
1284 2075 1347 2115 vel
1391 2075 1498 2126 quod
1536 2074 1676 2114 eodem

223 2268 248 2309 fi)
280 2267 482 2301 Contrarium
516 2269 619 2301 censet
649 2270 816 2309 RiiCKERT,
854 2268 915 2301 Ez'n
949 2268 1105 2301 Bz‘lchlez’n
1137 2279 1195 2300 von
1218 2267 1274 2300 der
1307 2267 1441 2307 Kirclze,
1471 2267 1551 2299 Jena
1575 2266 1677 2306 1857,

179 2321 233 2366 qni
267 2323 492 2356 communionis
528 2324 590 2364 (die
625 2323 805 2364 Gemeinde)
835 2334 947 2355 nomen
978 2324 1128 2366 praefert,
1155 2333 1248 2365 quam
1273 2323 1357 2354 inter
1379 2324 1410 2354 et
1432 2322 1605 2354 Ecclesiam
1631 2322 1679 2354 ni·

181 2378 241 2410 mis
263 2389 367 2410 severe
391 2380 584 2420 distinguere
608 2379 689 2410 mihi
713 2379 847 2411 videtur.

219 2433 244 2474 7)
269 2434 377 2476 Neque
403 2433 539 2466 multum
566 2435 697 2475 prosunt
719 2433 878 2466 Ecclesiae
905 2431 1118 2471 definitiones,
1143 2441 1218 2473 quas
1241 2430 1400 2463 Ecclesiae
1417 2430 1567 2463 historiae
1590 2441 1676 2472 prae-

181 2489 336 2522 miserunt
360 2488 497 2520 Gieseler
528 2491 558 2520 et
587 2488 703 2528 Kurtz,
728 2488 816 2531 quasi
841 2487 879 2519 ab
903 2487 997 2519 initio
1023 2488 1085 2521 iam
1117 2486 1184 2518 eius
1213 2486 1315 2525 notio,
1339 2497 1432 2528 quam
1459 2487 1527 2529 ipsa
1554 2486 1679 2518 demum

183 2542 316 2575 historia
353 2543 506 2585 explicare
543 2542 649 2582 debet,
684 2544 744 2575 fixa
786 2545 915 2584 rataque
956 2542 1046 2574 tritis
1074 2542 1261 2585 usitatisque
1292 2541 1436 2574 formulis
1464 2541 1679 2574 circumscribi

181 2600 295 2640 posset.
341 2598 432 2640 Quod
456 2600 564 2630 contra
590 2609 646 2629 suo
673 2598 740 2629 iure
763 2598 837 2629 fecit
861 2606 1006 2629 RICHTER
1031 2597 1153 2637 (Lehrb.
1178 2596 1233 2629 des
1256 2597 1353 2629 Kath.
1378 2609 1408 2630 u.
1433 2597 1487 2631 Ev.
1511 2598 1679 2630 Kz'rclzenr.

182 2654 212 2685 S.
237 2653 252 2684 l
280 2655 311 2684 et
328 2653 400 2693 25),
424 2653 476 2695 qui
497 2653 548 2684 ius
575 2652 734 2684 conditum
754 2652 912 2684 Ecclesiae
934 2653 1088 2691 reserens,
1112 2651 1283 2682 Ecclesiam
1309 2651 1405 2683 talem
1427 2652 1515 2684 unice
1542 2653 1681 2695 spectare

185 2708 306 2750 potnit,
330 2707 432 2750 qualis
458 2718 491 2739 re
514 2708 654 2750 factoque
682 2707 807 2739 condita
834 2709 892 2740 est.
938 2707 1041 2738 Miror
1064 2705 1284 2738 Schenkelimn
1312 2707 1408 2739 etiam
1423 2706 1556 2739 nuncin
1576 2705 1682 2738 Eccle-

185 2764 248 2795 siae
273 2763 427 2795 notitione
448 2763 644 2804 expendenda
666 2763 704 2794 ad
719 2762 951 2804 Etymologiam
962 2771 1139 2804 provocare.
1162 2761 1362 2793 Vocabulum
1377 2760 1562 2800 „Ecclesia”
1577 2762 1680 2801 (sensu

185 2818 376 2858 Christiano)
421 2828 482 2849 non
515 2817 720 2850 derivandum
749 2820 797 2850 cst
830 2827 847 2848 a
869 2817 970 2849 'verbo
1002 2817 1184 2857 ἐκκαλεῖν,
1215 2817 1268 2849 sed
1294 2817 1482 2850 vocabulum
1513 2816 1682 2858 ἐκκλησία

187 2885 222 2906 eo
253 2884 361 2913 sensu,
400 2884 458 2915 quo
495 2874 577 2915 apud
610 2874 742 2906 Graecos
777 2873 845 2906 eius
883 2874 1033 2916 temporis
1071 2870 1325 2914 intelligebatur,
1362 2873 1396 2905 in
1433 2871 1682 2904 Christianorum

187 2932 310 2964 coetum
330 2929 518 2962 translatum
541 2931 598 2963 est.
644 2929 693 2964 cf.
716 2937 864 2969 HERZOG,
890 2929 1117 2972 Rem-Encycl.
1140 2928 1174 2961 in
1197 2938 1288 2962 voce:
1312 2927 1460 2962 Kirche
1482 2927 1515 2961 S.
1540 2925 1614 2964 560.
