1849 3239
832 58 912 99 167

122 208 236 236 »esse
262 207 417 234 omnem
443 194 676 247 sanguinem
701 194 742 233 in
768 194 938 233 Ecclesia
963 193 1107 234 Christi
1134 194 1224 243 ¹⁵).’'
1255 218 1307 225 —-
1334 196 1480 237 Contra
1524 206 1611 239 »to-

121 266 230 304 „tius
269 263 414 302 Coetus
455 264 712 303 Ecclesiastici
751 276 843 315 erga
883 264 994 302 verbi
1024 264 1225 303 ministros
1259 265 1430 306 officium
1458 275 1538 313 est,
1568 276 1612 308 ut

123 334 229 372 »illis
255 333 294 371 in
320 334 498 385 legitimo
524 334 697 385 ipsorum
722 333 964 377 ministerio,
994 340 1181 385 tanquam
1205 334 1349 373 Christi
1377 334 1483 375 Dom.
1509 338 1613 390 lega·

123 419 138 437 »
152 403 222 446 tis,
250 403 328 440 imo
351 414 443 442 vero
461 410 646 454 tanquam
669 401 825 441 Christo
847 402 1002 453 ipsimet
1021 402 1186 441 Domino
1211 415 1282 455 per
1304 404 1392 443 illos
1413 405 1613 457 loquenti,

123 479 316 524 »pareant
343 473 441 519 ¹⁶),⁷’
472 479 512 510 et
556 488 570 505 »ι
585 471 633 509 ab
664 472 768 509 omni
800 472 988 510 adversus
1018 472 1105 510 illos
1143 474 1458 513 murmuratione
1486 476 1614 514 modis

124 542 267 592 »plano
295 542 477 580 omnibus
499 541 573 579 sibi
599 548 763 579 caveant
780 540 859 593 ι7).”
904 540 953 579 Ut
978 553 1095 592 porro
1130 542 1386 582 »institutum
1412 556 1433 582 a
1459 543 1615 583 Christo

123 609 318 649 »Domino
339 612 379 649 in
401 624 468 649 sua
489 610 654 649 Ecclesia
678 610 827 648 cultum
850 610 1051 662 publicum
1070 611 1286 664 diligenter
1302 612 1615 665 observent¹⁸);'’

125 687 168 718 ut
198 680 393 731 »quisque
420 679 459 717 in
487 678 655 716 Ecclesia
680 689 916 716 eonsensum
942 679 1146 717 doctrinae
1172 681 1399 719 unanimem
1425 694 1503 720 una
1528 694 1618 720 cum

124 749 345 786 »ministris
385 747 558 785 retinere
597 759 637 785 se
676 759 719 784 ac
759 747 862 785 tueri
902 748 1005 798 apud
1036 760 1171 787 omnes
1201 749 1346 788 debere
1378 757 1547 796 statuat,
1576 758 1618 790 et

124 834 140 852 »
155 815 186 856 'si
227 817 321 868 quid
361 816 401 854 in
440 816 619 854 doctrina
659 817 789 854 vitavc
827 816 1099 856 ministrorum
1129 818 1351 864 desideret,
1390 820 1479 859 illos
1509 822 1619 873 prius

126 887 386 937 »redarguat,
426 898 541 936 quam
579 885 858 937 quoquomodo
897 897 964 924 eos
1002 887 1317 927 ministeriumve
1353 889 1510 928 illorum
1541 897 1618 929 tra-

126 957 274 995 »ducat
296 954 387 1008 Ι9),”
429 953 658 1005 »publicum
684 954 723 991 in
755 954 920 992 Ecclesia
947 955 1210 995 ministerium
1242 970 1321 996 non
1351 958 1524 998 hominis
1552 959 1622 999 sed

128 1024 228 1063 »Dei
260 1023 382 1075 ipsius
412 1023 679 1061 ministerium
710 1034 794 1061 csse
825 1035 1063 1074 agnoscens,
1092 1025 1269 1076 illudque
1295 1033 1339 1065 ut
1370 1025 1438 1066 Dei
1469 1030 1624 1068 ordina-

127 1095 306 1132 »tionem
352 1099 568 1130 veneretur
611 1104 654 1130 ac
698 1092 884 1142 suscipiat
910 1092 992 1145 2⁰).”
1049 1092 1240 1133 »Illorum
1285 1095 1624 1138 admonitionibus

126 1163 262 1201 »ultro
299 1174 342 1200 ac
382 1168 616 1199 reverenter
654 1160 790 1199 fideles
819 1169 1005 1213 pareant,
1041 1175 1170 1215 neque
1200 1164 1247 1202 iis
1277 1166 1505 1205 reclament.
1563 1167 1624 1207 Ad

127 1214 243 1270 »illos
273 1230 393 1269 dubia
424 1242 492 1267 sua
524 1230 675 1273 omnia,
705 1230 833 1268 omnia
866 1231 1049 1276 dissidia,
1089 1244 1305 1284 omnesque
1334 1237 1625 1275 controversias

76 1320 79 1322 >
125 1314 197 1339 »ac
228 1287 450 1338 simultates
469 1306 570 1353 ante
602 1300 730 1338 omnia
758 1300 953 1344 reserant,
983 1301 1014 1338 si
1046 1314 1124 1352 quo
1153 1303 1270 1341 modo
1296 1305 1419 1343 amice
1440 1307 1623 1357 componi

125 1370 304 1422 »possint
331 1368 412 1420 2¹).”
470 1368 612 1407 »Ultro
653 1381 696 1407 ac
734 1369 927 1413 libenter,
966 1369 1138 1421 denique
1179 1372 1298 1410 etiam
1333 1373 1554 1413 liberaliter
1583 1376 1624 1414 in

123 1451 269 1476 »usum
300 1446 420 1489 atque
452 1438 677 1477 alimoniam
709 1451 926 1490 pauperum
953 1439 1177 1484 conserant,
1206 1454 1401 1481 memores
1427 1456 1493 1488 ea,
1523 1456 1624 1494 quae

124 1507 305 1545 »habent
344 1519 422 1545 non
469 1520 554 1545 esse
595 1520 684 1552 sua,
724 1508 791 1546 sed
826 1507 893 1546 Dei
925 1509 1046 1546 solius
1077 1511 1232 1561 propria
1259 1510 1344 1562 2²).”
1400 1511 1624 1552 Christiane

124 1577 312 1615 familiam
345 1583 486 1627 regant
512 1576 577 1629 ²³),
618 1578 691 1629 ipsi
727 1577 872 1615 liberos
912 1578 1124 1617 instituant
1150 1579 1212 1632 2ζ’),
1243 1579 1422 1632 inprimis
1452 1582 1625 1634 denique

124 1646 270 1684 assidui
303 1645 381 1683 sint
412 1645 451 1683 in
483 1645 660 1684 fraterno
697 1646 925 1697 disciplinae
956 1659 1030 1685 usu
1057 1647 1114 1700 2⁵).
1143 1670 1195 1676 ——-
1225 1648 1373 1688 Rursus
1411 1651 1625 1703 religiosis-

125 1715 222 1752 sime
254 1714 392 1764 utique
422 1714 819 1765 circumspiciendum
845 1721 905 1752 cst
933 1715 1125 1753 Ecclesiae
1150 1716 1360 1762 ministris,
1391 1731 1439 1757 ne
1467 1721 1625 1771 quando

124 1783 247 1834 ipsius
293 1783 487 1821 Ecclesiae
527 1783 612 1821 iura
657 1796 699 1820 ac
739 1784 943 1835 privilegia
980 1785 1182 1824 violentur
1219 1794 1287 1825 aut
1326 1788 1626 1836 imminuantur,

125 1859 193 1891 aut
223 1864 360 1903 parum
392 1852 472 1890 sint
502 1852 674 1903 denique
705 1853 957 1891 communita.
1015 1853 1112 1892 Rata
1148 1856 1198 1893 sit
1228 1854 1425 1896 Ecclesiae
1456 1862 1625 1899 auctori-

124 1928 184 1960 tas
214 1921 255 1959 in
284 1921 560 1958 ministrorum
592 1920 787 1959 electione
819 1921 875 1973 ²⁶).
933 1921 977 1959 In
1014 1923 1215 1962 seniorum
1246 1937 1266 1963 e
1297 1938 1368 1964 suo
1397 1928 1529 1966 medio
1559 1928 1625 1967 de-

124 1992 318 2030 lectorum
349 2002 533 2028 consessu
567 1988 757 2028 Senatum
788 1990 910 2028 veluti
942 1990 1086 2030 habeat
1122 1993 1161 2030 in
1202 2005 1312 2032 suam
1352 1995 1623 2036 defensionem

126 2066 395 2112 comparatum
413 2060 475 2106 27).
521 2058 743 2110 Numquam
770 2067 1023 2111 pervertatur
1048 2062 1107 2099 ius
1133 2070 1313 2101 sanctum
1339 2076 1476 2103 eorum
1506 2073 1626 2117 atque

126 2130 329 2181 integrum
359 2128 479 2166 dubia
510 2141 579 2166 sua
610 2128 650 2166 in
681 2128 900 2180 prophetiis
935 2130 988 2167 sic
1023 2130 1139 2168 dictis
1168 2132 1395 2182 proferendi
1417 2133 1474 2186 ²⁸).
1518 2133 1625 2173 Nihil

126 2211 288 2251 prorsus
317 2197 490 2249 denique
520 2196 588 2235 fiat
618 2198 658 2235 in
691 2198 879 2242 Ecclesia,
911 2198 987 2236 nisi
1014 2199 1086 2238 sub
1112 2200 1192 2238 suis
1217 2202 1400 2253 auspiciis
1425 2209 1465 2241 et
1490 2210 1622 2243 aucto-

167 2355 206 2395 15)
237 2353 340 2385 Tract.
371 2353 409 2385 de
442 2354 581 2385 Sacram.
614 2364 643 2395 p.
675 2350 743 2383 211³.
774 2353 822 2384 Cf.
854 2352 895 2384 ib.
928 2363 958 2394 p.
990 2351 1081 2385 124b.
1113 2355 1174 2396 Ep.
1203 2355 1247 2386 ad
1272 2357 1352 2388 Pell.
1375 2359 1407 2388 et
1431 2357 1519 2389 Ball.
1544 2358 1622 2397 (Ser.

128 2412 193 2442 ant.
218 2408 272 2439 IV.
299 2408 343 2439 121.
368 2407 467 2448 4572).
495 2408 583 2450 Corff.
596 2407 681 2450 fidei
703 2418 734 2449 p.
760 2407 811 2439 13.
838 2408 1012 2448 (HERINGA.
1038 2407 1138 2448 253).

167 2464 206 2502 16)
230 2464 343 2494 Forma
367 2473 404 2493 ac
425 2465 486 2494 rat.
516 2463 589 2494 min.
615 2463 713 2494 Lond.
738 2473 767 2504 p.
790 2475 818 2493 κ.
844 2462 891 2494 Cf.
915 2461 956 2495 ib.
981 2474 1010 2505 p.
1037 2465 1082 2501 θ,
1111 2464 1183 2495 286.
1211 2465 1298 2507 Cous.
1312 2465 1396 2508 fidei
1417 2477 1446 2509 p.
1471 2467 1522 2499 20.
1553 2467 1624 2505 (HE-

130 2526 235 2549 RINGA
259 2527 289 2558 p.
315 2516 414 2556 2700.
592 2516 631 2557 17)
658 2517 768 2549 Forma
792 2528 830 2549 ac
851 2520 912 2550 rat.
937 2518 1010 2549 mia.
1034 2519 1133 2550 Laud.
1158 2528 1188 2559 p.
1214 2518 1288 2552 287.

168 2572 207 2611 18)
232 2571 278 2603 Ib.
304 2581 332 2612 p.
360 2571 432 2602 286.
458 2570 505 2603 Cf.
532 2573 599 2603 Cat.
623 2572 721 2604 Lond.
745 2573 817 2604 mai.
841 2583 872 2614 p.
897 2572 948 2605 27.

168 2627 207 2665 1θ)
233 2627 344 2657 Forma
368 2636 405 2657 ac
427 2630 488 2658 rat.
512 2628 583 2659 min.
607 2627 705 2659 Lond.
729 2637 762 2668 p.
787 2627 860 2662 287.
1039 2628 1079 2668 2⁰)
1106 2627 1153 2660 lb.
1178 2638 1207 2669 p.
1233 2629 1306 2660 286.

167 2682 207 2720 Ἦ)
233 2680 280 2712 lb.
305 2691 335 2722 p.
361 2694 385 2717 ς.
410 2681 457 2714 Cf.
484 2681 524 2713 ib.
549 2693 579 2723 p.
605 2683 685 2720 187,
710 2683 782 2714 286.
962 2683 1002 2723 22)
1027 2682 1074 2716 lb.
1099 2693 1130 2724 p.
1155 2684 1185 2714 9.

169 2739 208 2777 2³)
238 2738 307 2768 Cat.
333 2736 429 2767 Loml.
454 2736 527 2768 mai.
550 2746 581 2778 p.
606 2737 658 2769 28.

170 2794 210 2832 ²⁴)
236 2793 348 2824 Forma
372 2802 409 2822 ac
431 2795 492 2824 rat.
517 2793 588 2825 min.
613 2793 713 2825 Lond.
738 2803 768 2834 p.
795 2792 846 2823 86.
871 2791 917 2824 Cf.
943 2791 983 2825 ib.
1010 2792 1060 2825 87.

172 2848 211 2887 25)
238 2847 283 2879 Ib.
308 2857 338 2888 p.
365 2846 400 2884 λ,
426 2847 504 2885 187,
530 2848 610 2887 288,
636 2848 717 2886 289,
741 2847 782 2880 al.
959 2848 1000 2887 23)
1024 2847 1071 2879 Ib.
1095 2858 1125 2889 p.
1149 2847 1191 2878 20
1215 2858 1260 2890 sq.

174 2904 213 2943 2T)
240 2903 287 2935 Ib.
312 2914 342 2944 p.
366 2916 392 2943 {h
414 2905 445 2934 ct
470 2917 497 2935 ο.
631 2901 672 2943 2⁸)
696 2903 743 2935 lb.
769 2914 798 2944 p.
824 2902 904 2941 108,
929 2903 1009 2942 109,
1035 2903 1109 2935 115.
