1849 3239
789 81 860 120 ’161

79 229 142 255 res
171 215 364 266 colloquia
395 216 566 268 expetit,
605 222 649 254 ut
678 227 727 254 ex
755 215 878 254 verbo
909 213 979 253 Dei
1009 220 1078 252 aut
1107 212 1181 250 sibi
1212 211 1380 249 invicem
1410 221 1566 261 persua-

78 285 217 328 deant,
257 290 324 322 aut
363 285 429 323 alii
469 285 517 323 ab
556 285 641 323 aliis
680 284 753 322 sibi
798 283 1027 336 persuaderi
1066 281 1277 334 patiantur.
1336 278 1569 324 »Quaecun-

79 356 202 404 que,''
234 353 385 404 inquit,
417 354 516 392 »sint
546 353 651 392 inter
681 365 752 391 nos
782 353 965 397 dissidia,
995 365 1039 391 ea
1070 351 1354 402 scripturarum
1379 359 1568 386 censurae

79 421 335 461 »subiicimus
373 423 522 467 omnim
562 430 602 461 et
641 423 810 474 petimus
840 423 992 474 piorum
1023 422 1106 459 sine
1135 418 1362 459 discrimine
1393 416 1568 456 omnium

78 506 93 524 »
107 491 305 537 modesta,
338 492 462 531 libera
493 498 610 543 atque
641 490 862 530 Christiana
893 490 1088 542 colloquia
1107 488 1195 540 ¹⁰).’'

497 600 522 652 §
552 601 586 639 5.
644 599 906 638 Ministrorum
934 599 1150 638 auctoritas.

130 698 184 736 De
215 699 431 750 composito
460 700 611 738 utimur
636 699 827 739 vocabulo
858 697 1179 741 »auetoritatis,'’
1210 695 1300 747 quia
1332 690 1570 745 »potestati'’

75 766 268 806 ministris
297 780 503 806 concessae
535 769 689 820 proprie
720 769 774 807 sic
799 769 928 807 dietae
954 769 993 806 in
1020 766 1130 805 Lasei
1157 765 1331 804 Ecclesia
1356 764 1465 801 locus
1490 773 1569 799 non

76 823 203 873 datur.
262 836 324 875 Sic
354 849 434 875 v.c.
470 837 674 876 classicum
713 837 796 876 sere
831 838 879 876 dc
912 837 1115 889 regiminis
1147 834 1342 873 Ecclesiae
1373 836 1569 883 potestate

75 904 225 949 locum,
265 906 311 944 ad
352 906 475 957 ipsam
514 904 747 951 Ecclesiam,
787 919 865 945 non
905 914 1038 944 autem
1078 905 1125 943 ad
1155 901 1419 942 ministerium
1450 899 1571 951 ipsius

75 972 219 1017 refert,
258 973 325 1011 ubi
364 974 404 1011 in
435 974 515 1012 Cat.
547 973 669 1013 Lond.
700 975 889 1013 solemnia
921 974 1067 1012 Christi
1097 973 1145 1011 de
1175 972 1343 1010 clavium
1375 973 1571 1020 potestate

77 1041 195 1080 verba
235 1043 276 1080 in
315 1042 420 1081 hune
459 1043 619 1082 modum
661 1044 959 1095 interpretatur:
1007 1042 1102 1080 »Ick
1143 1041 1338 1093 glielooue
1375 1038 1476 1076 ende
1511 1048 1570 1074 cr·

77 1111 258 1155 »kenne,
302 1112 369 1151 dat
414 1113 454 1150 in
498 1114 545 1151 de
585 1113 774 1164 heylighe
814 1112 1055 1164 ghemeyntc
1095 1112 1126 1150 is
1165 1122 1291 1149 eenen
1331 1105 1570 1157 ceuwiglien

77 1178 223 1224 »assaat
262 1181 363 1219 ende
401 1181 690 1232 versoeninglie
721 1181 792 1219 der
821 1182 965 1224 made,
997 1181 1109 1219 sodat
1139 1181 1188 1218 de
1220 1178 1347 1217 Heere
1377 1186 1571 1214 nemmcr·

75 1260 214 1286 »meer
248 1257 331 1297 ‘met
370 1249 467 1288 haer
506 1250 544 1288 in
584 1250 612 1288 ’t
641 1250 819 1302 gerichte
851 1251 991 1289 treden
1023 1251 1078 1288 sal
1110 1262 1171 1288 om
1202 1248 1298 1286 hare
1329 1246 1481 1284 sonden
1511 1248 1571 1281 tot

73 1317 424 1356 'nverdoemcnisse
466 1325 528 1356 toe
560 1325 598 1356 te
629 1318 887 1370 rekenen1).''
944 1317 1050 1356 Nihil
1090 1322 1296 1368 practerea
1326 1315 1366 1352 in
1396 1311 1570 1350 Ecclesia

75 1387 149 1425 nisi
180 1385 377 1426 Ecclesiae
418 1388 579 1426 nomine
620 1395 660 1426 et
689 1400 737 1426 ex
769 1387 965 1426 Ecclesiae
996 1388 1111 1426 simul
1142 1385 1381 1424 auctoritate
1412 1382 1474 1433 agi
1505 1381 1571 1420 de-

74 1455 163 1499 bet,
202 1469 250 1494 ne
291 1456 361 1493 soli
400 1456 572 1493 ministri
613 1456 735 1494 totius
775 1455 971 1493 Ecclesiae
1011 1455 1095 1493 iura
1137 1453 1209 1492 sibi
1241 1456 1450 1503 arrogent,
1480 1461 1571 1486 nam

74 1524 328 1562 »istiusmodi
358 1524 640 1575 gubernandae
672 1524 868 1562 Ecclesiae
900 1524 1001 1562 ratio
1041 1529 1190 1574 pugnat
1221 1534 1306 1559 eum
1340 1518 1486 1557 Clu-isti
1518 1517 1572 1568 ip-

75 1610 89 1625 »
104 1593 185 1630 sius
215 1593 379 1643 eiusque
410 1594 677 1644 apostolorum
701 1594 880 1631 doctrina
907 1601 1024 1644 atque
1052 1591 1327 1630 observatione
1344 1587 1411 1640 ²).”
1457 1585 1570 1631 Quic-

75 1661 170 1711 quid
215 1661 337 1712 igitur
381 1661 577 1700 Ecclesiae
621 1663 887 1700 ministerium
932 1669 1022 1713 agat
1062 1661 1134 1712 ipsi
1175 1658 1372 1698 Ecclesiae
1412 1654 1570 1708 probari

75 1729 215 1773 debet,
260 1742 377 1768 »nam
409 1738 501 1768 sunt
531 1738 571 1769 et
601 1731 656 1768 illi
686 1731 887 1774 homines,
926 1731 991 1781 qui
1032 1738 1071 1768 et
1112 1729 1192 1767 salli
1232 1732 1396 1779 possunt
1431 1731 1470 1762 et
1502 1723 1570 1761 sal-

77 1799 209 1843 »lere‚
240 1806 284 1837 ut
317 1800 444 1837 onmia
476 1812 569 1838 sane
600 1800 757 1838 illorum
789 1800 944 1851 probari
971 1798 1268 1848 examinarIque
1294 1794 1473 1847 oporteat
1490 1791 1568 1844 3),”

75 1868 181 1905 salva
212 1875 343 1906 tamen
378 1867 444 1915 Dei
476 1869 597 1919 ipsius
627 1868 736 1907 verbi
767 1869 1002 1907 auctoritate
1026 1869 1063 1919 4).
1122 1867 1229 1912 Quae
1261 1866 1322 1904 vel
1352 1865 1406 1903 sic
1437 1870 1569 1901 tamen

74 1935 295 1974 ministerio
326 1937 538 1975 auctoritas
567 1937 801 1975 conceditur
830 1945 1012 1976 versatur
1042 1937 1143 1975 circa
1174 1934 1394 1974 doctrinam
1425 1929 1569 1969 consti·

77 2004 285 2050 tuendam,
323 2006 385 2044 vel
425 2007 664 2057 conspicitur
703 2006 820 2045 etiam
862 2007 900 2044 in
936 2006 1090 2057 legibus
1120 2004 1296 2044 serendis
1325 2010 1365 2041 et
1395 2002 1481 2040 iure
1512 1999 1568 2038 di-

75 2073 217 2112 cundo.
247 2087 278 2112 a.
313 2074 420 2113 Circa
448 2075 667 2114 doctrinam.
729 2075 985 2127 Summopere
1017 2076 1064 2113 ad
1096 2074 1305 2112 Ecclesiam
1341 2071 1485 2114 refert,
1524 2074 1569 2106 ut

77 2155 212 2181 omnes
238 2144 323 2182 eius
348 2145 442 2183 socii
470 2145 694 2183 unanimem
717 2145 876 2183 foveant
897 2145 1100 2182 doctrinae
1121 2154 1357 2181 eonsensum
1374 2140 1423 2190 ⁵),
1447 2136 1568 2188 (quod

77 2218 208 2250 tamen
239 2213 322 2250 »jn
352 2213 399 2251 iis
427 2213 621 2252 duntaxat
653 2215 775 2258 valet,
806 2226 906 2264 quae
935 2225 1006 2251 nos
1036 2224 1083 2251 ex
1114 2225 1154 2250 se
1185 2223 1314 2261 neque
1344 2208 1568 2260 digniores,

77 2293 235 2332 »neque
266 2281 511 2333 indigniores
541 2295 673 2321 coram
702 2281 783 2320 Deo
812 2283 940 2320 facere
972 2281 1121 2332 possint
1146 2280 1214 2329 ⁶).'’
1260 2278 1409 2317 Idcirco
1441 2275 1568 2314 Eccle-

76 2350 156 2387 siae
186 2350 379 2388 ministris
408 2352 638 2390 mandatum
668 2358 727 2389 est
757 2351 948 2393 officium,
988 2358 1031 2388 ut
1062 2361 1253 2388 summam
1283 2348 1330 2386 dc
1362 2346 1567 2385 doctrinae

77 2419 244 2456 veritate
280 2420 493 2471 suscipiant
532 2420 861 2463 sollicitudinem,
900 2432 1065 2470 eamque
1105 2425 1284 2457 amanter
1318 2423 1358 2455 ct
1397 2415 1569 2454 fideliter

77 2486 190 2524 sociis
216 2485 412 2527 Ecclesiae
443 2489 601 2528 tradant
617 2489 670 2542 ⁷),
700 2489 914 2527 dummodo
954 2489 1021 2527 »in
1045 2488 1150 2526 omni
1175 2499 1244 2525 sua
1275 2485 1567 2538 praedicatione

115 2642 154 2683 ¹⁰)
181 2642 227 2675 Cf.
251 2643 291 2674 ib.
318 2642 371 2682 (ib.
396 2653 426 2684 1).
453 2643 549 2682 109).

130 2698 154 2737 ¹)
184 2699 249 2729 Cat.
274 2698 373 2729 Lond.
398 2698 469 2729 mai.
494 2709 522 2739 p.
548 2698 599 2731 79.
624 2699 738 2730 Forma
760 2708 798 2729 ac
820 2700 881 2729 rat.
906 2697 978 2729 min.
1001 2697 1099 2728 lond.
1124 2708 1153 2738 p.
1179 2697 1230 2730 70.

131 2753 155 2792 ²)
181 2753 293 2784 Forma
317 2762 354 2792 ᾳο
376 2754 438 2783 ναί.
462 2752 534 2784 min.
559 2752 656 2784 Lond.
681 2763 710 2793 p.
737 2753 810 2784 514.
943 2753 969 2792 ³)
995 2751 1042 2783 Ib.
1067 2763 1096 2793 p.
1122 2751 1174 2784 70.
1309 2751 1334 2792 4)
1361 2751 1409 2782 Ib.
1426 2762 1454 2793 p.
1473 2753 1546 2784 513.

130 2807 154 2846 ⁵)
181 2806 228 2837 lb.
252 2817 281 2848 p.
308 2807 365 2845 25,
391 2807 448 2838 84.
476 2807 553 2846 107,
579 2808 658 2845 164,
684 2808 763 2846 368,
789 2807 828 2839 al.
963 2807 987 2844 ⁶)
1013 2806 1059 2837 Ib.
1084 2816 1114 2847 p.
1140 2806 1213 2837 156.

129 2859 154 2901 7)
180 2859 227 2892 Ib.
260 2871 288 2902 p.
321 2861 393 2895 507.
426 2861 473 2894 Cs.
508 2862 610 2893 Tract.
644 2862 683 2893 de
711 2863 847 2894 Sacram.
875 2871 904 2902 p.
935 2860 1004 2895 67¹).
1036 2861 1089 2902 Ep.
1123 2860 1168 2891 ad
1194 2861 1264 2891 Scn.
1294 2861 1362 2892 Pol.
1401 2861 1477 2900 (Ser.
1506 2862 1570 2891 cml.

78 2914 141 2946 111.
169 2915 212 2946 1³.
239 2915 335 2955 109.).

1355 2975 1382 2996 ιι
