<?xml version="1.0" encoding="UTF-8"?>
<!DOCTYPE html PUBLIC "-//W3C//DTD XHTML 1.0 Transitional//EN"
    "http://www.w3.org/TR/xhtml1/DTD/xhtml1-transitional.dtd">
<html xmlns="http://www.w3.org/1999/xhtml" xml:lang="en" lang="en">
 <head>
  <title>
</title>
<meta http-equiv="Content-Type" content="text/html;charset=utf-8" />
  <meta name='ocr-system' content='tesseract 3.04.00' />
  <meta name='ocr-capabilities' content='ocr_page ocr_carea ocr_par ocr_line ocrx_word'/>
</head>
<body>
  <div class='ocr_page' id='page_1' title='image "./disquisitiohisto00kuyp_0092.png"; bbox 0 0 1849 3239; ppageno 0'>
   <div class='ocr_carea' id='block_1_1' title="bbox 927 78 978 118">
    <p class='ocr_par' dir='ltr' id='par_1_1' title="bbox 927 78 978 118">
     <span class='ocr_line' id='line_1_1' title="bbox 927 78 978 118; baseline 0.02 -1"><span class='ocrx_word' id='word_1_1' title='bbox 927 78 978 118; x_wconf 79' lang='lat'><strong>72</strong></span> 
     </span>
    </p>
   </div>
   <div class='ocr_carea' id='block_1_2' title="bbox 202 209 1733 2672">
    <p class='ocr_par' dir='ltr' id='par_1_2' title="bbox 202 209 1733 2672">
     <span class='ocr_line' id='line_1_2' title="bbox 210 209 1702 264; baseline -0.004 -9"><span class='ocrx_word' id='word_1_2' title='bbox 210 215 482 255; x_wconf 83' lang='lat' dir='ltr'><strong>testimonium</strong></span> <span class='ocrx_word' id='word_1_3' title='bbox 528 213 676 264; x_wconf 69' lang='lat' dir='ltr'><strong>requtri</strong></span> <span class='ocrx_word' id='word_1_4' title='bbox 721 218 872 264; x_wconf 80' lang='lat' dir='ltr'><strong>potest,</strong></span> <span class='ocrx_word' id='word_1_5' title='bbox 916 224 1031 262; x_wconf 81' lang='lat' dir='ltr'><strong>quam</strong></span> <span class='ocrx_word' id='word_1_6' title='bbox 1078 209 1268 262; x_wconf 78' lang='lat' dir='ltr'><strong>praebent</strong></span> <span class='ocrx_word' id='word_1_7' title='bbox 1321 210 1435 249; x_wconf 89' lang='lat' dir='ltr'><strong>nobis</strong></span> <span class='ocrx_word' id='word_1_8' title='bbox 1477 210 1573 249; x_wconf 87' lang='lat' dir='ltr'><strong>haec</strong></span> <span class='ocrx_word' id='word_1_9' title='bbox 1617 211 1702 250; x_wconf 89' lang='lat' dir='ltr'><strong>eius</strong></span> 
     </span>
     <span class='ocr_line' id='line_1_3' title="bbox 209 278 1703 330; baseline -0.005 -6"><span class='ocrx_word' id='word_1_10' title='bbox 209 285 350 323; x_wconf 86' lang='lat' dir='ltr'><strong>verba:</strong></span> <span class='ocrx_word' id='word_1_11' title='bbox 407 282 658 321; x_wconf 75' lang='lat' dir='ltr'><strong>»Dividamus</strong></span> <span class='ocrx_word' id='word_1_12' title='bbox 689 280 897 319; x_wconf 77' lang='lat' dir='ltr'><em>Ecclesiam</em></span> <span class='ocrx_word' id='word_1_13' title='bbox 928 280 969 318; x_wconf 78' lang='lat' dir='ltr'><strong>in</strong></span> <span class='ocrx_word' id='word_1_14' title='bbox 992 280 1106 318; x_wconf 76' lang='lat' dir='ltr'><strong>duos</strong></span> <span class='ocrx_word' id='word_1_15' title='bbox 1135 278 1241 317; x_wconf 81' lang='lat' dir='ltr'><strong>ordi</strong></span> <span class='ocrx_word' id='word_1_16' title='bbox 1252 291 1331 316; x_wconf 67' lang='lat' dir='ltr'><strong>oles</strong></span> <span class='ocrx_word' id='word_1_17' title='bbox 1356 279 1602 330; x_wconf 74' lang='lat' dir='ltr'><strong>praecipuos:</strong></span> <span class='ocrx_word' id='word_1_18' title='bbox 1633 279 1703 317; x_wconf 80' lang='lat' dir='ltr'><strong>cle-</strong></span> 
     </span>
     <span class='ocr_line' id='line_1_4' title="bbox 208 347 1702 402; baseline -0.004 -11"><span class='ocrx_word' id='word_1_19' title='bbox 208 366 324 392; x_wconf 80' lang='lat' dir='ltr'><strong>»rmn</strong></span> <span class='ocrx_word' id='word_1_20' title='bbox 353 365 400 391; x_wconf 85' lang='lat' dir='ltr'><strong>sc.</strong></span> <span class='ocrx_word' id='word_1_21' title='bbox 431 356 465 390; x_wconf 73' lang='lat' dir='ltr'><strong>et</strong></span> <span class='ocrx_word' id='word_1_22' title='bbox 489 351 633 402; x_wconf 77' lang='lat' dir='ltr'><strong>plebem</strong></span> <span class='ocrx_word' id='word_1_23' title='bbox 651 349 715 402; x_wconf 84' lang='grc'><strong>1).”</strong></span> <span class='ocrx_word' id='word_1_24' title='bbox 774 348 881 393; x_wconf 87' lang='lat' dir='ltr'><strong>Quae</strong></span> <span class='ocrx_word' id='word_1_25' title='bbox 913 348 1031 387; x_wconf 84' lang='lat' dir='ltr'><strong>verba</strong></span> <span class='ocrx_word' id='word_1_26' title='bbox 1057 349 1161 386; x_wconf 90' lang='lat' dir='ltr'><strong>clare</strong></span> <span class='ocrx_word' id='word_1_27' title='bbox 1188 347 1301 385; x_wconf 87' lang='lat' dir='ltr'><strong>simul</strong></span> <span class='ocrx_word' id='word_1_28' title='bbox 1327 347 1439 385; x_wconf 86' lang='lat' dir='ltr'><strong>nobis</strong></span> <span class='ocrx_word' id='word_1_29' title='bbox 1465 348 1702 391; x_wconf 87' lang='lat' dir='ltr'><strong>ostendunt,</strong></span> 
     </span>
     <span class='ocr_line' id='line_1_5' title="bbox 209 406 1733 473; baseline -0.004 -13"><span class='ocrx_word' id='word_1_30' title='bbox 209 422 304 473; x_wconf 91' lang='lat' dir='ltr'><strong>quid</strong></span> <span class='ocrx_word' id='word_1_31' title='bbox 334 421 407 459; x_wconf 85' lang='lat' dir='ltr'>sibi</span> <span class='ocrx_word' id='word_1_32' title='bbox 439 419 630 462; x_wconf 88' lang='lat' dir='ltr'><strong>voluerit,</strong></span> <span class='ocrx_word' id='word_1_33' title='bbox 662 418 728 455; x_wconf 89' lang='lat' dir='ltr'><strong>ubi</strong></span> <span class='ocrx_word' id='word_1_34' title='bbox 760 417 799 455; x_wconf 91' lang='lat' dir='ltr'><strong>in</strong></span> <span class='ocrx_word' id='word_1_35' title='bbox 831 417 1074 468; x_wconf 75' lang='lat' dir='ltr'>praefatione</span> <span class='ocrx_word' id='word_1_36' title='bbox 1105 416 1224 455; x_wconf 91' lang='lat' dir='ltr'><strong>huius</strong></span> <span class='ocrx_word' id='word_1_37' title='bbox 1248 416 1337 454; x_wconf 83' lang='lat' dir='ltr'><strong>libri</strong></span> <span class='ocrx_word' id='word_1_38' title='bbox 1364 416 1484 461; x_wconf 84' lang='lat' dir='ltr'><strong>dixit;</strong></span> <span class='ocrx_word' id='word_1_39' title='bbox 1543 416 1702 462; x_wconf 78' lang='lat' dir='ltr'><strong>»Quare</strong></span> <span class='ocrx_word' id='word_1_40' title='bbox 1729 406 1733 410; x_wconf 54' lang='grc'><em>’</em></span> 
     </span>
     <span class='ocr_line' id='line_1_6' title="bbox 210 484 1703 541; baseline -0.003 -13"><span class='ocrx_word' id='word_1_41' title='bbox 210 490 412 541; x_wconf 88' lang='lat' dir='ltr'><strong>»postulat</strong></span> <span class='ocrx_word' id='word_1_42' title='bbox 447 487 605 526; x_wconf 89' lang='lat' dir='ltr'><strong>dicendi</strong></span> <span class='ocrx_word' id='word_1_43' title='bbox 646 486 769 529; x_wconf 86' lang='lat' dir='ltr'><strong>ratio,</strong></span> <span class='ocrx_word' id='word_1_44' title='bbox 799 492 843 524; x_wconf 89' lang='lat' dir='ltr'><strong>ut</strong></span> <span class='ocrx_word' id='word_1_45' title='bbox 873 498 978 524; x_wconf 88' lang='lat' dir='ltr'><strong>nunc</strong></span> <span class='ocrx_word' id='word_1_46' title='bbox 1008 486 1057 523; x_wconf 91' lang='lat' dir='ltr'><strong>de</strong></span> <span class='ocrx_word' id='word_1_47' title='bbox 1087 484 1279 528; x_wconf 82' lang='lat' dir='ltr'>Ecclesia,</span> <span class='ocrx_word' id='word_1_48' title='bbox 1316 485 1478 536; x_wconf 89' lang='lat' dir='ltr'><strong>eiusque</strong></span> <span class='ocrx_word' id='word_1_49' title='bbox 1508 486 1703 537; x_wconf 85' lang='lat' dir='ltr'><strong>regimine</strong></span> 
     </span>
     <span class='ocr_line' id='line_1_7' title="bbox 212 553 1703 606; baseline -0.003 -10"><span class='ocrx_word' id='word_1_50' title='bbox 212 564 282 596; x_wconf 88' lang='lat' dir='ltr'><strong>»et</strong></span> <span class='ocrx_word' id='word_1_51' title='bbox 307 556 502 595; x_wconf 77' lang='lat' dir='ltr'><em>ordinibus</em></span> <span class='ocrx_word' id='word_1_52' title='bbox 524 561 739 593; x_wconf 74' lang='lat' dir='ltr'><strong>tractemus</strong></span> <span class='ocrx_word' id='word_1_53' title='bbox 755 554 821 606; x_wconf 81' lang='lat'>²).&#39;&#39;</span> <span class='ocrx_word' id='word_1_54' title='bbox 879 553 1030 599; x_wconf 85' lang='lat' dir='ltr'><em>Quibus</em></span> <span class='ocrx_word' id='word_1_55' title='bbox 1055 561 1364 592; x_wconf 86' lang='lat' dir='ltr'><strong>consentaneum</strong></span> <span class='ocrx_word' id='word_1_56' title='bbox 1389 561 1467 597; x_wconf 89' lang='lat' dir='ltr'><strong>est,</strong></span> <span class='ocrx_word' id='word_1_57' title='bbox 1495 567 1607 598; x_wconf 87' lang='lat' dir='ltr'><strong>eum,</strong></span> <span class='ocrx_word' id='word_1_58' title='bbox 1636 553 1703 592; x_wconf 86' lang='lat' dir='ltr'><strong>ubi</strong></span> 
     </span>
     <span class='ocr_line' id='line_1_8' title="bbox 212 622 1706 676; baseline -0.003 -12"><span class='ocrx_word' id='word_1_59' title='bbox 212 626 260 664; x_wconf 88' lang='lat' dir='ltr'><strong>ad</strong></span> <span class='ocrx_word' id='word_1_60' title='bbox 297 632 473 676; x_wconf 82' lang='lat' dir='ltr'><strong>pastores</strong></span> <span class='ocrx_word' id='word_1_61' title='bbox 504 623 686 675; x_wconf 87' lang='lat' dir='ltr'><strong>pervenit</strong></span> <span class='ocrx_word' id='word_1_62' title='bbox 716 623 864 666; x_wconf 86' lang='lat' dir='ltr'><strong>oratio,</strong></span> <span class='ocrx_word' id='word_1_63' title='bbox 903 622 964 660; x_wconf 91' lang='lat' dir='ltr'><strong>his</strong></span> <span class='ocrx_word' id='word_1_64' title='bbox 995 622 1125 660; x_wconf 84' lang='lat' dir='ltr'><strong>verbis</strong></span> <span class='ocrx_word' id='word_1_65' title='bbox 1157 622 1297 660; x_wconf 87' lang='lat' dir='ltr'><strong>ordiri:</strong></span> <span class='ocrx_word' id='word_1_66' title='bbox 1354 639 1369 655; x_wconf 85' lang='lat'>»</span> <span class='ocrx_word' id='word_1_67' title='bbox 1383 622 1465 660; x_wconf 89' lang='lat' dir='ltr'><strong>Iam</strong></span> <span class='ocrx_word' id='word_1_68' title='bbox 1496 623 1544 661; x_wconf 91' lang='lat' dir='ltr'><strong>de</strong></span> <span class='ocrx_word' id='word_1_69' title='bbox 1575 623 1706 662; x_wconf 72' lang='lat' dir='ltr'><strong>ordine</strong></span> 
     </span>
     <span class='ocr_line' id='line_1_9' title="bbox 210 677 1705 744; baseline -0.002 -12"><span class='ocrx_word' id='word_1_70' title='bbox 210 693 453 732; x_wconf 77' lang='lat' dir='ltr'><strong>»dicendum</strong></span> <span class='ocrx_word' id='word_1_71' title='bbox 497 699 577 735; x_wconf 88' lang='lat' dir='ltr'><strong>est,</strong></span> <span class='ocrx_word' id='word_1_72' title='bbox 617 703 694 742; x_wconf 90' lang='lat' dir='ltr'><strong>quo</strong></span> <span class='ocrx_word' id='word_1_73' title='bbox 733 690 946 729; x_wconf 81' lang='lat' dir='ltr'><strong>Ecclesiam</strong></span> <span class='ocrx_word' id='word_1_74' title='bbox 988 703 1097 729; x_wconf 85' lang='lat' dir='ltr'><strong>suam</strong></span> <span class='ocrx_word' id='word_1_75' title='bbox 1135 691 1347 742; x_wconf 86' lang='lat' dir='ltr'><strong>gubernari</strong></span> <span class='ocrx_word' id='word_1_76' title='bbox 1387 692 1473 729; x_wconf 88' lang='lat' dir='ltr'><strong>vult</strong></span> <span class='ocrx_word' id='word_1_77' title='bbox 1513 677 1616 731; x_wconf 80' lang='lat' dir='ltr'><strong>Deus</strong></span> <span class='ocrx_word' id='word_1_78' title='bbox 1642 691 1705 744; x_wconf 82' lang='lat'>³).”</span> 
     </span>
     <span class='ocr_line' id='line_1_10' title="bbox 211 759 1705 812; baseline -0.002 -12"><span class='ocrx_word' id='word_1_79' title='bbox 211 761 357 807; x_wconf 83' lang='lat' dir='ltr'><strong>Quodsi</strong></span> <span class='ocrx_word' id='word_1_80' title='bbox 388 762 512 812; x_wconf 89' lang='lat' dir='ltr'><strong>igitur</strong></span> <span class='ocrx_word' id='word_1_81' title='bbox 542 767 652 798; x_wconf 82' lang='lat' dir='ltr'><strong>extra</strong></span> <span class='ocrx_word' id='word_1_82' title='bbox 684 760 994 798; x_wconf 86' lang='lat' dir='ltr'><strong>controversiam</strong></span> <span class='ocrx_word' id='word_1_83' title='bbox 1025 759 1180 798; x_wconf 88' lang='lat' dir='ltr'><strong>duobus</strong></span> <span class='ocrx_word' id='word_1_84' title='bbox 1210 759 1315 798; x_wconf 86' lang='lat' dir='ltr'><strong>hisee</strong></span> <span class='ocrx_word' id='word_1_85' title='bbox 1342 760 1581 798; x_wconf 82' lang='lat' dir='ltr'><strong>testimoniis</strong></span> <span class='ocrx_word' id='word_1_86' title='bbox 1606 761 1705 812; x_wconf 90' lang='lat' dir='ltr'><strong>posi-</strong></span> 
     </span>
     <span class='ocr_line' id='line_1_11' title="bbox 211 828 1705 873; baseline -0.001 -5"><span class='ocrx_word' id='word_1_87' title='bbox 211 838 294 869; x_wconf 90' lang='lat' dir='ltr'><strong>tum</strong></span> <span class='ocrx_word' id='word_1_88' title='bbox 334 836 413 873; x_wconf 86' lang='lat' dir='ltr'><strong>est,</strong></span> <span class='ocrx_word' id='word_1_89' title='bbox 453 830 492 867; x_wconf 93' lang='lat' dir='ltr'><strong>in</strong></span> <span class='ocrx_word' id='word_1_90' title='bbox 524 829 623 867; x_wconf 94' lang='lat' dir='ltr'><strong>duos</strong></span> <span class='ocrx_word' id='word_1_91' title='bbox 653 829 805 867; x_wconf 71' lang='lat' dir='ltr'><strong>ordines</strong></span> <span class='ocrx_word' id='word_1_92' title='bbox 835 829 1040 866; x_wconf 88' lang='lat' dir='ltr'><strong>eeclesiam</strong></span> <span class='ocrx_word' id='word_1_93' title='bbox 1071 842 1090 866; x_wconf 89' lang='lat' dir='ltr'><strong>a</strong></span> <span class='ocrx_word' id='word_1_94' title='bbox 1122 828 1282 867; x_wconf 87' lang='lat' dir='ltr'><strong>Calvino</strong></span> <span class='ocrx_word' id='word_1_95' title='bbox 1313 841 1395 867; x_wconf 84' lang='lat' dir='ltr'><strong>esse</strong></span> <span class='ocrx_word' id='word_1_96' title='bbox 1426 829 1613 872; x_wconf 87' lang='lat' dir='ltr'><strong>divisam,</strong></span> <span class='ocrx_word' id='word_1_97' title='bbox 1643 842 1705 868; x_wconf 89' lang='lat' dir='ltr'><strong>eo·</strong></span> 
     </span>
     <span class='ocr_line' id='line_1_12' title="bbox 209 897 1707 950; baseline -0.001 -13"><span class='ocrx_word' id='word_1_98' title='bbox 209 900 299 938; x_wconf 89' lang='lat' dir='ltr'><strong>dem</strong></span> <span class='ocrx_word' id='word_1_99' title='bbox 324 911 483 950; x_wconf 87' lang='lat' dir='ltr'><strong>quoque</strong></span> <span class='ocrx_word' id='word_1_100' title='bbox 509 911 627 937; x_wconf 90' lang='lat' dir='ltr'><strong>sensu</strong></span> <span class='ocrx_word' id='word_1_101' title='bbox 655 915 668 931; x_wconf 74' lang='lat' dir='ltr'>n</span> <span class='ocrx_word' id='word_1_102' title='bbox 684 897 859 936; x_wconf 87' lang='lat' dir='ltr'><strong>ordinis&#39;’</strong></span> <span class='ocrx_word' id='word_1_103' title='bbox 888 897 1120 936; x_wconf 89' lang='lat' dir='ltr'><strong>vocabulum</strong></span> <span class='ocrx_word' id='word_1_104' title='bbox 1145 898 1416 949; x_wconf 87' lang='lat' dir='ltr'><strong>accipiendum</strong></span> <span class='ocrx_word' id='word_1_105' title='bbox 1442 910 1527 936; x_wconf 87' lang='lat' dir='ltr'><strong>esse</strong></span> <span class='ocrx_word' id='word_1_106' title='bbox 1549 898 1707 936; x_wconf 89' lang='lat' dir='ltr'><strong>videtur</strong></span> 
     </span>
     <span class='ocr_line' id='line_1_13' title="bbox 208 966 1706 1020; baseline -0.001 -14"><span class='ocrx_word' id='word_1_107' title='bbox 208 969 248 1006; x_wconf 92' lang='lat' dir='ltr'><strong>in</strong></span> <span class='ocrx_word' id='word_1_108' title='bbox 278 968 305 1020; x_wconf 49' lang='grc' dir='ltr'><strong><em>Β</em></strong></span> <span class='ocrx_word' id='word_1_109' title='bbox 336 969 379 1012; x_wconf 80' lang='grc'><strong>5,</strong></span> <span class='ocrx_word' id='word_1_110' title='bbox 410 967 498 1012; x_wconf 89' lang='lat' dir='ltr'><strong>uhi,</strong></span> <span class='ocrx_word' id='word_1_111' title='bbox 537 974 745 1019; x_wconf 79' lang='lat' dir='ltr'><strong>postquam</strong></span> <span class='ocrx_word' id='word_1_112' title='bbox 785 967 834 1005; x_wconf 93' lang='lat' dir='ltr'><strong>de</strong></span> <span class='ocrx_word' id='word_1_113' title='bbox 870 974 1072 1018; x_wconf 88' lang='lat' dir='ltr'><strong>pastorum</strong></span> <span class='ocrx_word' id='word_1_114' title='bbox 1107 966 1377 1010; x_wconf 87' lang='lat' dir='ltr'><strong>institutione,</strong></span> <span class='ocrx_word' id='word_1_115' title='bbox 1407 974 1447 1005; x_wconf 90' lang='lat' dir='ltr'><strong>et</strong></span> <span class='ocrx_word' id='word_1_116' title='bbox 1478 967 1527 1005; x_wconf 88' lang='lat' dir='ltr'><strong>de</strong></span> <span class='ocrx_word' id='word_1_117' title='bbox 1558 979 1706 1005; x_wconf 87' lang='lat' dir='ltr'><strong>summa</strong></span> 
     </span>
     <span class='ocr_line' id='line_1_14' title="bbox 207 1034 1705 1089; baseline -0.001 -14"><span class='ocrx_word' id='word_1_118' title='bbox 207 1036 515 1089; x_wconf 74' lang='lat' dir='ltr'><strong>praedicationis</strong></span> <span class='ocrx_word' id='word_1_119' title='bbox 555 1037 728 1074; x_wconf 87' lang='lat' dir='ltr'><strong>utilitate</strong></span> <span class='ocrx_word' id='word_1_120' title='bbox 759 1035 885 1074; x_wconf 83' lang='lat' dir='ltr'><strong>fusius</strong></span> <span class='ocrx_word' id='word_1_121' title='bbox 915 1035 1124 1079; x_wconf 86' lang='lat' dir='ltr'><strong>disseruit,</strong></span> <span class='ocrx_word' id='word_1_122' title='bbox 1160 1035 1200 1073; x_wconf 91' lang='lat' dir='ltr'><strong>in</strong></span> <span class='ocrx_word' id='word_1_123' title='bbox 1230 1034 1337 1073; x_wconf 88' lang='lat' dir='ltr'><strong>hunc</strong></span> <span class='ocrx_word' id='word_1_124' title='bbox 1367 1035 1527 1074; x_wconf 87' lang='lat' dir='ltr'><strong>modum</strong></span> <span class='ocrx_word' id='word_1_125' title='bbox 1557 1035 1705 1087; x_wconf 87' lang='lat' dir='ltr'><strong>pergit:</strong></span> 
     </span>
     <span class='ocr_line' id='line_1_15' title="bbox 206 1103 1706 1157; baseline 0.001 -17"><span class='ocrx_word' id='word_1_126' title='bbox 206 1105 340 1157; x_wconf 80' lang='lat' dir='ltr'><strong>»Ergo</strong></span> <span class='ocrx_word' id='word_1_127' title='bbox 370 1111 414 1143; x_wconf 93' lang='lat' dir='ltr'><strong>ut</strong></span> <span class='ocrx_word' id='word_1_128' title='bbox 455 1105 623 1142; x_wconf 88' lang='lat' dir='ltr'><strong>sciamus</strong></span> <span class='ocrx_word' id='word_1_129' title='bbox 666 1117 713 1143; x_wconf 83' lang='lat' dir='ltr'><strong>ex</strong></span> <span class='ocrx_word' id='word_1_130' title='bbox 754 1104 856 1142; x_wconf 91' lang='lat' dir='ltr'><strong>vasis</strong></span> <span class='ocrx_word' id='word_1_131' title='bbox 900 1105 1083 1142; x_wconf 79' lang='lat' dir='ltr'><strong>testaceis</strong></span> <span class='ocrx_word' id='word_1_132' title='bbox 1122 1103 1358 1155; x_wconf 82' lang='lat' dir='ltr'><strong>(pastoribus</strong></span> <span class='ocrx_word' id='word_1_133' title='bbox 1389 1104 1452 1157; x_wconf 78' lang='lat' dir='ltr'><strong>se.)</strong></span> <span class='ocrx_word' id='word_1_134' title='bbox 1481 1104 1595 1143; x_wconf 89' lang='lat' dir='ltr'><strong>nobis</strong></span> <span class='ocrx_word' id='word_1_135' title='bbox 1621 1117 1706 1156; x_wconf 89' lang='lat' dir='ltr'><strong>pro-</strong></span> 
     </span>
     <span class='ocr_line' id='line_1_16' title="bbox 207 1172 1708 1232; baseline 0.001 -23"><span class='ocrx_word' id='word_1_136' title='bbox 207 1174 329 1213; x_wconf 76' lang='lat' dir='ltr'><strong>»serri</strong></span> <span class='ocrx_word' id='word_1_137' title='bbox 370 1173 702 1212; x_wconf 87' lang='lat' dir='ltr'><strong>inaestimabilem</strong></span> <span class='ocrx_word' id='word_1_138' title='bbox 743 1173 995 1217; x_wconf 88' lang='lat' dir='ltr'><strong>thesaurum,</strong></span> <span class='ocrx_word' id='word_1_139' title='bbox 1042 1172 1144 1211; x_wconf 89' lang='lat' dir='ltr'><strong>Deus</strong></span> <span class='ocrx_word' id='word_1_140' title='bbox 1183 1173 1223 1211; x_wconf 94' lang='lat' dir='ltr'><strong>in</strong></span> <span class='ocrx_word' id='word_1_141' title='bbox 1262 1173 1436 1211; x_wconf 88' lang='lat' dir='ltr'><strong>medium</strong></span> <span class='ocrx_word' id='word_1_142' title='bbox 1471 1173 1624 1232; x_wconf 73' lang='lat' dir='ltr'><strong>prodjt,</strong></span> <span class='ocrx_word' id='word_1_143' title='bbox 1668 1179 1708 1211; x_wconf 90' lang='lat' dir='ltr'><strong>et</strong></span> 
     </span>
     <span class='ocr_line' id='line_1_17' title="bbox 205 1242 1705 1295; baseline 0.001 -17"><span class='ocrx_word' id='word_1_144' title='bbox 205 1250 428 1295; x_wconf 78' lang='lat' dir='ltr'><strong>»quatenus</strong></span> <span class='ocrx_word' id='word_1_145' title='bbox 469 1242 582 1281; x_wconf 72' lang='lat' dir='ltr'><strong>liuius</strong></span> <span class='ocrx_word' id='word_1_146' title='bbox 621 1242 768 1281; x_wconf 73' lang='lat' dir='ltr'><strong>ordinis</strong></span> <span class='ocrx_word' id='word_1_147' title='bbox 807 1249 946 1280; x_wconf 80' lang='lat' dir='ltr'><strong>auctor</strong></span> <span class='ocrx_word' id='word_1_148' title='bbox 984 1249 1064 1285; x_wconf 91' lang='lat' dir='ltr'><strong>est,</strong></span> <span class='ocrx_word' id='word_1_149' title='bbox 1094 1243 1180 1280; x_wconf 85' lang='lat' dir='ltr'><strong>vult</strong></span> <span class='ocrx_word' id='word_1_150' title='bbox 1211 1255 1251 1280; x_wconf 93' lang='lat' dir='ltr'><strong>se</strong></span> <span class='ocrx_word' id='word_1_151' title='bbox 1282 1248 1531 1293; x_wconf 83' lang='lat' dir='ltr'><strong>praesentem</strong></span> <span class='ocrx_word' id='word_1_152' title='bbox 1566 1242 1607 1280; x_wconf 88' lang='lat' dir='ltr'><strong>in</strong></span> <span class='ocrx_word' id='word_1_153' title='bbox 1638 1254 1705 1280; x_wconf 87' lang='lat' dir='ltr'><strong>sua</strong></span> 
     </span>
     <span class='ocr_line' id='line_1_18' title="bbox 207 1310 1707 1364; baseline -0.001 -14"><span class='ocrx_word' id='word_1_154' title='bbox 207 1312 492 1351; x_wconf 82' lang='lat' dir='ltr'><strong>»institutione</strong></span> <span class='ocrx_word' id='word_1_155' title='bbox 523 1311 683 1363; x_wconf 82' lang='lat' dir='ltr'><strong>agnosci</strong></span> <span class='ocrx_word' id='word_1_156' title='bbox 710 1310 779 1364; x_wconf 79' lang='lat'>¹¹);”</span> <span class='ocrx_word' id='word_1_157' title='bbox 810 1318 850 1349; x_wconf 91' lang='lat' dir='ltr'><strong>et</strong></span> <span class='ocrx_word' id='word_1_158' title='bbox 882 1312 1012 1362; x_wconf 85' lang='lat' dir='ltr'><strong>paullo</strong></span> <span class='ocrx_word' id='word_1_159' title='bbox 1043 1311 1227 1349; x_wconf 86' lang='lat' dir='ltr'><strong>inferius:</strong></span> <span class='ocrx_word' id='word_1_160' title='bbox 1273 1310 1416 1349; x_wconf 81' lang='lat' dir='ltr'><strong>»nobis</strong></span> <span class='ocrx_word' id='word_1_161' title='bbox 1445 1323 1540 1349; x_wconf 82' lang='lat' dir='ltr'><strong>vero</strong></span> <span class='ocrx_word' id='word_1_162' title='bbox 1570 1317 1707 1349; x_wconf 84' lang='lat' dir='ltr'><strong>tenen-</strong></span> 
     </span>
     <span class='ocr_line' id='line_1_19' title="bbox 208 1367 1709 1424; baseline -0.001 -5"><span class='ocrx_word' id='word_1_163' title='bbox 208 1381 327 1420; x_wconf 79' lang='lat' dir='ltr'><strong>»dum</strong></span> <span class='ocrx_word' id='word_1_164' title='bbox 372 1386 452 1424; x_wconf 88' lang='lat' dir='ltr'><strong>est,</strong></span> <span class='ocrx_word' id='word_1_165' title='bbox 495 1379 710 1418; x_wconf 85' lang='lat' dir='ltr'><strong>Ecclesiam</strong></span> <span class='ocrx_word' id='word_1_166' title='bbox 755 1392 834 1418; x_wconf 91' lang='lat' dir='ltr'><strong>non</strong></span> <span class='ocrx_word' id='word_1_167' title='bbox 880 1380 998 1418; x_wconf 86' lang='lat' dir='ltr'><strong>aliter</strong></span> <span class='ocrx_word' id='word_1_168' title='bbox 1042 1367 1339 1422; x_wconf 87' lang='lat' dir='ltr'><strong>aedificari‚...</strong></span> <span class='ocrx_word' id='word_1_169' title='bbox 1384 1380 1459 1418; x_wconf 90' lang='lat' dir='ltr'><strong>nisi</strong></span> <span class='ocrx_word' id='word_1_170' title='bbox 1498 1380 1593 1418; x_wconf 88' lang='lat' dir='ltr'><strong>dum</strong></span> <span class='ocrx_word' id='word_1_171' title='bbox 1628 1391 1709 1418; x_wconf 90' lang='lat' dir='ltr'><strong>uno</strong></span> 
     </span>
     <span class='ocr_line' id='line_1_20' title="bbox 206 1447 1708 1500; baseline -0.001 -12"><span class='ocrx_word' id='word_1_172' title='bbox 206 1462 431 1489; x_wconf 73' lang='lat' dir='ltr'><strong>»consensu</strong></span> <span class='ocrx_word' id='word_1_173' title='bbox 462 1449 653 1488; x_wconf 88' lang='lat' dir='ltr'><strong>discendo</strong></span> <span class='ocrx_word' id='word_1_174' title='bbox 684 1455 723 1487; x_wconf 89' lang='lat' dir='ltr'><strong>et</strong></span> <span class='ocrx_word' id='word_1_175' title='bbox 755 1447 998 1500; x_wconf 89' lang='lat' dir='ltr'><strong>proficiendo</strong></span> <span class='ocrx_word' id='word_1_176' title='bbox 1029 1448 1198 1486; x_wconf 78' lang='lat' dir='ltr'><strong>ordinem</strong></span> <span class='ocrx_word' id='word_1_177' title='bbox 1225 1447 1423 1487; x_wconf 84' lang='lat' dir='ltr'><strong>Ecclesiae</strong></span> <span class='ocrx_word' id='word_1_178' title='bbox 1446 1462 1466 1486; x_wconf 89' lang='lat' dir='ltr'><strong>a</strong></span> <span class='ocrx_word' id='word_1_179' title='bbox 1493 1447 1574 1487; x_wconf 89' lang='lat' dir='ltr'><strong>Deo</strong></span> <span class='ocrx_word' id='word_1_180' title='bbox 1600 1461 1708 1500; x_wconf 90' lang='lat' dir='ltr'><strong>prae-</strong></span> 
     </span>
     <span class='ocr_line' id='line_1_21' title="bbox 206 1516 1711 1570; baseline -0.003 -12"><span class='ocrx_word' id='word_1_181' title='bbox 206 1519 425 1570; x_wconf 84' lang='lat' dir='ltr'><strong>»scriptum</strong></span> <span class='ocrx_word' id='word_1_182' title='bbox 457 1520 594 1557; x_wconf 91' lang='lat' dir='ltr'><strong>colunt</strong></span> <span class='ocrx_word' id='word_1_183' title='bbox 612 1518 682 1570; x_wconf 86' lang='lat'>⁵).”</span> <span class='ocrx_word' id='word_1_184' title='bbox 740 1517 903 1556; x_wconf 87' lang='lat' dir='ltr'><strong>Etiamsi</strong></span> <span class='ocrx_word' id='word_1_185' title='bbox 935 1519 1022 1569; x_wconf 89' lang='lat' dir='ltr'><strong>quis</strong></span> <span class='ocrx_word' id='word_1_186' title='bbox 1054 1525 1185 1556; x_wconf 86' lang='lat' dir='ltr'><strong>autem</strong></span> <span class='ocrx_word' id='word_1_187' title='bbox 1217 1518 1463 1569; x_wconf 86' lang='lat' dir='ltr'><strong>opinaretur,</strong></span> <span class='ocrx_word' id='word_1_188' title='bbox 1490 1517 1530 1555; x_wconf 88' lang='lat' dir='ltr'><strong>in</strong></span> <span class='ocrx_word' id='word_1_189' title='bbox 1556 1516 1711 1555; x_wconf 89' lang='lat' dir='ltr'><strong>duobus</strong></span> 
     </span>
     <span class='ocr_line' id='line_1_22' title="bbox 205 1585 1709 1640; baseline -0.003 -13"><span class='ocrx_word' id='word_1_190' title='bbox 205 1589 416 1640; x_wconf 87' lang='lat' dir='ltr'><strong>postremis</strong></span> <span class='ocrx_word' id='word_1_191' title='bbox 446 1589 541 1627; x_wconf 78' lang='lat' dir='ltr'><strong>locis</strong></span> <span class='ocrx_word' id='word_1_192' title='bbox 573 1587 780 1626; x_wconf 83' lang='lat' dir='ltr'><strong>»ordinis&#39;&#39;</strong></span> <span class='ocrx_word' id='word_1_193' title='bbox 812 1587 1049 1626; x_wconf 89' lang='lat' dir='ltr'><strong>vocabulum</strong></span> <span class='ocrx_word' id='word_1_194' title='bbox 1080 1586 1128 1625; x_wconf 87' lang='lat' dir='ltr'><strong>ad</strong></span> <span class='ocrx_word' id='word_1_195' title='bbox 1160 1598 1275 1625; x_wconf 90' lang='lat' dir='ltr'><strong>omne</strong></span> <span class='ocrx_word' id='word_1_196' title='bbox 1306 1586 1437 1638; x_wconf 91' lang='lat' dir='ltr'><strong>potius</strong></span> <span class='ocrx_word' id='word_1_197' title='bbox 1465 1585 1709 1624; x_wconf 85' lang='lat' dir='ltr'><strong>Ecclesiasti-</strong></span> 
     </span>
     <span class='ocr_line' id='line_1_23' title="bbox 202 1654 1711 1706; baseline -0.003 -10"><span class='ocrx_word' id='word_1_198' title='bbox 202 1669 291 1696; x_wconf 90' lang='lat' dir='ltr'><strong>eum</strong></span> <span class='ocrx_word' id='word_1_199' title='bbox 330 1658 561 1696; x_wconf 89' lang='lat' dir='ltr'><strong>institutum</strong></span> <span class='ocrx_word' id='word_1_200' title='bbox 594 1657 851 1695; x_wconf 82' lang='lat' dir='ltr'><strong>referendum</strong></span> <span class='ocrx_word' id='word_1_201' title='bbox 883 1669 989 1701; x_wconf 76' lang='lat' dir='ltr'><strong>esse,</strong></span> <span class='ocrx_word' id='word_1_202' title='bbox 1020 1662 1174 1700; x_wconf 88' lang='lat' dir='ltr'><strong>tamen,</strong></span> <span class='ocrx_word' id='word_1_203' title='bbox 1205 1668 1304 1706; x_wconf 84' lang='lat' dir='ltr'><strong>quae</strong></span> <span class='ocrx_word' id='word_1_204' title='bbox 1339 1656 1471 1706; x_wconf 82' lang='lat' dir='ltr'><strong>priore</strong></span> <span class='ocrx_word' id='word_1_205' title='bbox 1501 1656 1587 1693; x_wconf 90' lang='lat' dir='ltr'><strong>loco</strong></span> <span class='ocrx_word' id='word_1_206' title='bbox 1618 1654 1711 1692; x_wconf 86' lang='lat' dir='ltr'><strong>cita-</strong></span> 
     </span>
     <span class='ocr_line' id='line_1_24' title="bbox 204 1724 1713 1778; baseline -0.003 -13"><span class='ocrx_word' id='word_1_207' title='bbox 204 1727 333 1766; x_wconf 88' lang='lat' dir='ltr'><strong>vimus</strong></span> <span class='ocrx_word' id='word_1_208' title='bbox 369 1725 520 1766; x_wconf 90' lang='lat' dir='ltr'><strong>Calvini</strong></span> <span class='ocrx_word' id='word_1_209' title='bbox 562 1726 703 1770; x_wconf 88' lang='lat' dir='ltr'><strong>verba,</strong></span> <span class='ocrx_word' id='word_1_210' title='bbox 745 1733 825 1764; x_wconf 83' lang='lat' dir='ltr'><strong>tam</strong></span> <span class='ocrx_word' id='word_1_211' title='bbox 867 1732 1003 1778; x_wconf 87' lang='lat' dir='ltr'><strong>aperta</strong></span> <span class='ocrx_word' id='word_1_212' title='bbox 1034 1732 1127 1763; x_wconf 89' lang='lat' dir='ltr'><strong>sunt</strong></span> <span class='ocrx_word' id='word_1_213' title='bbox 1158 1737 1201 1762; x_wconf 87' lang='lat' dir='ltr'><strong>ae</strong></span> <span class='ocrx_word' id='word_1_214' title='bbox 1231 1724 1426 1768; x_wconf 84' lang='lat' dir='ltr'><strong>dilucida,</strong></span> <span class='ocrx_word' id='word_1_215' title='bbox 1455 1730 1500 1762; x_wconf 89' lang='lat' dir='ltr'><strong>ut</strong></span> <span class='ocrx_word' id='word_1_216' title='bbox 1532 1725 1611 1762; x_wconf 90' lang='lat' dir='ltr'><strong>sola</strong></span> <span class='ocrx_word' id='word_1_217' title='bbox 1643 1737 1713 1775; x_wconf 83' lang='lat' dir='ltr'><strong>per</strong></span> 
     </span>
     <span class='ocr_line' id='line_1_25' title="bbox 209 1793 1711 1839; baseline -0.003 -4"><span class='ocrx_word' id='word_1_218' title='bbox 209 1808 250 1835; x_wconf 91' lang='lat' dir='ltr'><strong>se</strong></span> <span class='ocrx_word' id='word_1_219' title='bbox 294 1796 408 1835; x_wconf 83' lang='lat' dir='ltr'><strong>facile</strong></span> <span class='ocrx_word' id='word_1_220' title='bbox 445 1808 529 1834; x_wconf 87' lang='lat' dir='ltr'><strong>rem</strong></span> <span class='ocrx_word' id='word_1_221' title='bbox 566 1795 799 1839; x_wconf 88' lang='lat' dir='ltr'><strong>conficiant,</strong></span> <span class='ocrx_word' id='word_1_222' title='bbox 838 1801 878 1832; x_wconf 91' lang='lat' dir='ltr'><strong>et</strong></span> <span class='ocrx_word' id='word_1_223' title='bbox 917 1795 1004 1832; x_wconf 82' lang='lat' dir='ltr'><strong>luce</strong></span> <span class='ocrx_word' id='word_1_224' title='bbox 1045 1794 1189 1831; x_wconf 87' lang='lat' dir='ltr'><strong>elarius</strong></span> <span class='ocrx_word' id='word_1_225' title='bbox 1219 1793 1432 1831; x_wconf 87' lang='lat' dir='ltr'><strong>ostendant</strong></span> <span class='ocrx_word' id='word_1_226' title='bbox 1461 1793 1596 1837; x_wconf 87' lang='lat' dir='ltr'><strong>nobis,</strong></span> <span class='ocrx_word' id='word_1_227' title='bbox 1626 1805 1711 1831; x_wconf 90' lang='lat' dir='ltr'><strong>esse</strong></span> 
     </span>
     <span class='ocr_line' id='line_1_26' title="bbox 211 1861 1712 1913; baseline -0.003 -9"><span class='ocrx_word' id='word_1_228' title='bbox 211 1878 350 1904; x_wconf 87' lang='lat' dir='ltr'><strong>revera</strong></span> <span class='ocrx_word' id='word_1_229' title='bbox 390 1878 410 1903; x_wconf 87' lang='lat' dir='ltr'><strong>a</strong></span> <span class='ocrx_word' id='word_1_230' title='bbox 442 1865 604 1904; x_wconf 88' lang='lat' dir='ltr'><strong>Calvino</strong></span> <span class='ocrx_word' id='word_1_231' title='bbox 634 1864 773 1903; x_wconf 87' lang='lat' dir='ltr'><strong>fideles</strong></span> <span class='ocrx_word' id='word_1_232' title='bbox 804 1864 910 1902; x_wconf 89' lang='lat' dir='ltr'><strong>inter</strong></span> <span class='ocrx_word' id='word_1_233' title='bbox 940 1870 980 1902; x_wconf 88' lang='lat' dir='ltr'><strong>et</strong></span> <span class='ocrx_word' id='word_1_234' title='bbox 1010 1861 1328 1901; x_wconf 84' lang='lat' dir='ltr'><strong>Ecclesiasticum</strong></span> <span class='ocrx_word' id='word_1_235' title='bbox 1347 1862 1538 1913; x_wconf 87' lang='lat' dir='ltr'><strong>‘regimen</strong></span> <span class='ocrx_word' id='word_1_236' title='bbox 1579 1862 1712 1900; x_wconf 84' lang='lat' dir='ltr'><strong>»ordi-</strong></span> 
     </span>
     <span class='ocr_line' id='line_1_27' title="bbox 206 1931 1712 1985; baseline -0.002 -13"><span class='ocrx_word' id='word_1_237' title='bbox 206 1933 291 1972; x_wconf 92' lang='lat' dir='ltr'><strong>nis’&#39;</strong></span> <span class='ocrx_word' id='word_1_238' title='bbox 327 1934 537 1972; x_wconf 88' lang='lat' dir='ltr'><strong>discrimen</strong></span> <span class='ocrx_word' id='word_1_239' title='bbox 569 1934 852 1985; x_wconf 83' lang='lat' dir='ltr'><strong>interpositum</strong></span> <span class='ocrx_word' id='word_1_240' title='bbox 868 1932 912 1983; x_wconf 72' lang='grc'><strong>6).</strong></span> <span class='ocrx_word' id='word_1_241' title='bbox 971 1931 1067 1970; x_wconf 88' lang='lat' dir='ltr'><strong>Cum</strong></span> <span class='ocrx_word' id='word_1_242' title='bbox 1093 1932 1141 1970; x_wconf 92' lang='lat' dir='ltr'><strong>iis</strong></span> <span class='ocrx_word' id='word_1_243' title='bbox 1172 1943 1352 1982; x_wconf 85' lang='lat' dir='ltr'><strong>quoque,</strong></span> <span class='ocrx_word' id='word_1_244' title='bbox 1383 1943 1483 1982; x_wconf 87' lang='lat' dir='ltr'><strong>quae</strong></span> <span class='ocrx_word' id='word_1_245' title='bbox 1516 1944 1633 1982; x_wconf 82' lang='lat' dir='ltr'><strong>supra</strong></span> <span class='ocrx_word' id='word_1_246' title='bbox 1663 1931 1712 1969; x_wconf 91' lang='lat' dir='ltr'><strong>de</strong></span> 
     </span>
     <span class='ocr_line' id='line_1_28' title="bbox 211 1998 1711 2052; baseline -0.002 -12"><span class='ocrx_word' id='word_1_247' title='bbox 211 2000 412 2040; x_wconf 88' lang='lat' dir='ltr'><strong>Ecclesiae</strong></span> <span class='ocrx_word' id='word_1_248' title='bbox 458 2002 592 2040; x_wconf 91' lang='lat' dir='ltr'><strong>indole</strong></span> <span class='ocrx_word' id='word_1_249' title='bbox 633 2000 889 2052; x_wconf 85' lang='lat' dir='ltr'><strong>exposuimus</strong></span> <span class='ocrx_word' id='word_1_250' title='bbox 928 1999 1088 2051; x_wconf 86' lang='lat' dir='ltr'><strong>egregie</strong></span> <span class='ocrx_word' id='word_1_251' title='bbox 1128 1998 1225 2037; x_wconf 88' lang='lat' dir='ltr'><strong>haec</strong></span> <span class='ocrx_word' id='word_1_252' title='bbox 1261 1998 1469 2049; x_wconf 84' lang='lat' dir='ltr'><strong>quadrant.</strong></span> <span class='ocrx_word' id='word_1_253' title='bbox 1528 1998 1567 2037; x_wconf 86' lang='lat' dir='ltr'><strong>Si</strong></span> <span class='ocrx_word' id='word_1_254' title='bbox 1608 1999 1711 2037; x_wconf 90' lang='lat' dir='ltr'><strong>enim</strong></span> 
     </span>
     <span class='ocr_line' id='line_1_29' title="bbox 211 2068 1714 2120; baseline -0.002 -11"><span class='ocrx_word' id='word_1_255' title='bbox 211 2069 386 2109; x_wconf 86' lang='lat' dir='ltr'><strong>Ecclesia</strong></span> <span class='ocrx_word' id='word_1_256' title='bbox 427 2071 658 2109; x_wconf 86' lang='lat' dir='ltr'><strong>institutum</strong></span> <span class='ocrx_word' id='word_1_257' title='bbox 696 2069 869 2108; x_wconf 88' lang='lat' dir='ltr'><strong>habetur</strong></span> <span class='ocrx_word' id='word_1_258' title='bbox 905 2068 1144 2111; x_wconf 88' lang='lat' dir='ltr'><strong>doctrinale,</strong></span> <span class='ocrx_word' id='word_1_259' title='bbox 1184 2068 1364 2118; x_wconf 87' lang='lat' dir='ltr'><strong>sequitur</strong></span> <span class='ocrx_word' id='word_1_260' title='bbox 1405 2068 1573 2107; x_wconf 89' lang='lat' dir='ltr'><strong>similem</strong></span> <span class='ocrx_word' id='word_1_261' title='bbox 1613 2069 1714 2120; x_wconf 84' lang='lat' dir='ltr'><strong>regi-</strong></span> 
     </span>
     <span class='ocr_line' id='line_1_30' title="bbox 214 2136 1715 2191; baseline -0.001 -13"><span class='ocrx_word' id='word_1_262' title='bbox 214 2139 310 2178; x_wconf 88' lang='lat' dir='ltr'><strong>mini</strong></span> <span class='ocrx_word' id='word_1_263' title='bbox 343 2138 542 2178; x_wconf 86' lang='lat' dir='ltr'><strong>Ecclesiae</strong></span> <span class='ocrx_word' id='word_1_264' title='bbox 573 2152 661 2178; x_wconf 89' lang='lat' dir='ltr'><strong>cum</strong></span> <span class='ocrx_word' id='word_1_265' title='bbox 693 2139 786 2191; x_wconf 91' lang='lat' dir='ltr'><strong>ipsis</strong></span> <span class='ocrx_word' id='word_1_266' title='bbox 812 2137 998 2176; x_wconf 89' lang='lat' dir='ltr'><strong>fidelibus</strong></span> <span class='ocrx_word' id='word_1_267' title='bbox 1024 2137 1273 2175; x_wconf 85' lang='lat' dir='ltr'><strong>intercedere</strong></span> <span class='ocrx_word' id='word_1_268' title='bbox 1299 2136 1555 2182; x_wconf 89' lang='lat' dir='ltr'><strong>relationem,</strong></span> <span class='ocrx_word' id='word_1_269' title='bbox 1587 2138 1715 2189; x_wconf 86' lang='lat' dir='ltr'><strong>qualis</strong></span> 
     </span>
     <span class='ocr_line' id='line_1_31' title="bbox 215 2206 1714 2260; baseline -0.001 -13"><span class='ocrx_word' id='word_1_270' title='bbox 215 2209 255 2247; x_wconf 91' lang='lat' dir='ltr'><strong>in</strong></span> <span class='ocrx_word' id='word_1_271' title='bbox 286 2209 389 2247; x_wconf 87' lang='lat' dir='ltr'><strong>scola</strong></span> <span class='ocrx_word' id='word_1_272' title='bbox 420 2209 469 2247; x_wconf 89' lang='lat' dir='ltr'><strong>ab</strong></span> <span class='ocrx_word' id='word_1_273' title='bbox 499 2222 565 2253; x_wconf 90' lang='lat' dir='ltr'><strong>eo,</strong></span> <span class='ocrx_word' id='word_1_274' title='bbox 597 2209 663 2260; x_wconf 88' lang='lat' dir='ltr'><strong>qui</strong></span> <span class='ocrx_word' id='word_1_275' title='bbox 695 2208 832 2251; x_wconf 89' lang='lat' dir='ltr'><strong>docet,</strong></span> <span class='ocrx_word' id='word_1_276' title='bbox 863 2219 954 2245; x_wconf 91' lang='lat' dir='ltr'><strong>eum</strong></span> <span class='ocrx_word' id='word_1_277' title='bbox 985 2206 1217 2258; x_wconf 84' lang='lat' dir='ltr'><strong>distinguit,</strong></span> <span class='ocrx_word' id='word_1_278' title='bbox 1248 2206 1314 2257; x_wconf 84' lang='lat' dir='ltr'><strong>qui</strong></span> <span class='ocrx_word' id='word_1_279' title='bbox 1341 2206 1527 2251; x_wconf 82' lang='lat' dir='ltr'><strong>docetur3</strong></span> <span class='ocrx_word' id='word_1_280' title='bbox 1559 2213 1602 2245; x_wconf 90' lang='lat' dir='ltr'><strong>ut</strong></span> <span class='ocrx_word' id='word_1_281' title='bbox 1628 2220 1714 2245; x_wconf 88' lang='lat' dir='ltr'><strong>ver·</strong></span> 
     </span>
     <span class='ocr_line' id='line_1_32' title="bbox 217 2274 1715 2329; baseline -0.001 -12"><span class='ocrx_word' id='word_1_282' title='bbox 217 2277 268 2316; x_wconf 86' lang='lat' dir='ltr'><strong>bo</strong></span> <span class='ocrx_word' id='word_1_283' title='bbox 299 2277 444 2322; x_wconf 85' lang='lat' dir='ltr'><strong>dicam,</strong></span> <span class='ocrx_word' id='word_1_284' title='bbox 476 2278 602 2329; x_wconf 85' lang='lat' dir='ltr'><strong>qualis</strong></span> <span class='ocrx_word' id='word_1_285' title='bbox 631 2276 793 2315; x_wconf 75' lang='lat' dir='ltr'><strong>doctoris</strong></span> <span class='ocrx_word' id='word_1_286' title='bbox 823 2282 883 2314; x_wconf 86' lang='lat' dir='ltr'><strong>est</strong></span> <span class='ocrx_word' id='word_1_287' title='bbox 914 2275 963 2314; x_wconf 86' lang='lat' dir='ltr'><strong>ad</strong></span> <span class='ocrx_word' id='word_1_288' title='bbox 992 2274 1196 2326; x_wconf 70' lang='lat' dir='ltr'><strong>discipulos</strong></span> <span class='ocrx_word' id='word_1_289' title='bbox 1224 2287 1313 2312; x_wconf 90' lang='lat' dir='ltr'><strong>suos</strong></span> <span class='ocrx_word' id='word_1_290' title='bbox 1343 2275 1494 2313; x_wconf 89' lang='lat' dir='ltr'><strong>relatio.</strong></span> <span class='ocrx_word' id='word_1_291' title='bbox 1552 2275 1715 2315; x_wconf 86' lang='lat' dir='ltr'><strong>Praesto</strong></span> 
     </span>
     <span class='ocr_line' id='line_1_33' title="bbox 218 2343 1714 2398; baseline -0.002 -13"><span class='ocrx_word' id='word_1_292' title='bbox 218 2353 310 2385; x_wconf 89' lang='lat' dir='ltr'><strong>sunt</strong></span> <span class='ocrx_word' id='word_1_293' title='bbox 349 2347 472 2398; x_wconf 89' lang='lat' dir='ltr'><strong>ipsius</strong></span> <span class='ocrx_word' id='word_1_294' title='bbox 511 2345 661 2384; x_wconf 87' lang='lat' dir='ltr'><strong>Calvini</strong></span> <span class='ocrx_word' id='word_1_295' title='bbox 703 2343 843 2387; x_wconf 85' lang='lat' dir='ltr'><strong>verba,</strong></span> <span class='ocrx_word' id='word_1_296' title='bbox 884 2355 984 2394; x_wconf 88' lang='lat' dir='ltr'><strong>quae</strong></span> <span class='ocrx_word' id='word_1_297' title='bbox 1024 2343 1223 2394; x_wconf 87' lang='lat' dir='ltr'><strong>praeclare</strong></span> <span class='ocrx_word' id='word_1_298' title='bbox 1258 2343 1497 2381; x_wconf 88' lang='lat' dir='ltr'><strong>sententiam</strong></span> <span class='ocrx_word' id='word_1_299' title='bbox 1537 2350 1714 2383; x_wconf 86' lang='lat' dir='ltr'><strong>nostram</strong></span> 
     </span>
     <span class='ocr_line' id='line_1_34' title="bbox 218 2411 1715 2464; baseline -0.003 -10"><span class='ocrx_word' id='word_1_300' title='bbox 218 2415 476 2458; x_wconf 83' lang='lat' dir='ltr'><strong>confirmant,</strong></span> <span class='ocrx_word' id='word_1_301' title='bbox 516 2414 583 2452; x_wconf 88' lang='lat' dir='ltr'><strong>ubi</strong></span> <span class='ocrx_word' id='word_1_302' title='bbox 622 2414 738 2452; x_wconf 89' lang='lat' dir='ltr'><strong>dicit:</strong></span> <span class='ocrx_word' id='word_1_303' title='bbox 796 2430 810 2446; x_wconf 62' lang='lat' dir='ltr'><strong>a&gt;</strong></span> <span class='ocrx_word' id='word_1_304' title='bbox 826 2412 935 2451; x_wconf 89' lang='lat' dir='ltr'><strong>Unus</strong></span> <span class='ocrx_word' id='word_1_305' title='bbox 974 2411 1232 2450; x_wconf 82' lang='lat' dir='ltr'><strong>constituitur</strong></span> <span class='ocrx_word' id='word_1_306' title='bbox 1271 2418 1422 2462; x_wconf 85' lang='lat' dir='ltr'><strong>pastor,</strong></span> <span class='ocrx_word' id='word_1_307' title='bbox 1459 2411 1523 2463; x_wconf 75' lang='lat' dir='ltr'><strong>qui</strong></span> <span class='ocrx_word' id='word_1_308' title='bbox 1551 2412 1715 2464; x_wconf 73' lang='lat' dir='ltr'><strong>reliquos</strong></span> 
     </span>
     <span class='ocr_line' id='line_1_35' title="bbox 220 2480 1714 2535; baseline -0.001 -13"><span class='ocrx_word' id='word_1_309' title='bbox 220 2483 402 2528; x_wconf 53' lang='lat' dir='ltr'><strong>»doceam</strong></span> <span class='ocrx_word' id='word_1_310' title='bbox 433 2483 497 2535; x_wconf 73' lang='lat' dir='ltr'><strong>qui</strong></span> <span class='ocrx_word' id='word_1_311' title='bbox 524 2495 608 2522; x_wconf 77' lang='lat' dir='ltr'><strong>vero</strong></span> <span class='ocrx_word' id='word_1_312' title='bbox 638 2481 818 2532; x_wconf 68' lang='lat' dir='ltr'><strong>discipuli</strong></span> <span class='ocrx_word' id='word_1_313' title='bbox 848 2494 924 2519; x_wconf 80' lang='lat' dir='ltr'><strong>osso</strong></span> <span class='ocrx_word' id='word_1_314' title='bbox 953 2480 1146 2523; x_wconf 70' lang='lat' dir='ltr'><strong>iubentur,</strong></span> <span class='ocrx_word' id='word_1_315' title='bbox 1176 2492 1425 2519; x_wconf 88' lang='lat' dir='ltr'><strong>communem</strong></span> <span class='ocrx_word' id='word_1_316' title='bbox 1457 2494 1506 2519; x_wconf 75' lang='lat' dir='ltr'><strong>ex</strong></span> <span class='ocrx_word' id='word_1_317' title='bbox 1536 2494 1615 2520; x_wconf 90' lang='lat' dir='ltr'><strong>uno</strong></span> <span class='ocrx_word' id='word_1_318' title='bbox 1647 2494 1714 2520; x_wconf 89' lang='lat' dir='ltr'><strong>ore</strong></span> 
     </span>
     <span class='ocr_line' id='line_1_36' title="bbox 220 2549 1715 2603; baseline -0.002 -11"><span class='ocrx_word' id='word_1_319' title='bbox 220 2554 469 2592; x_wconf 78' lang='lat' dir='ltr'><strong>»doctrinam</strong></span> <span class='ocrx_word' id='word_1_320' title='bbox 500 2553 697 2603; x_wconf 87' lang='lat' dir='ltr'><strong>excipiant</strong></span> <span class='ocrx_word' id='word_1_321' title='bbox 713 2550 777 2603; x_wconf 89' lang='lat'><strong>⁷).”</strong></span> <span class='ocrx_word' id='word_1_322' title='bbox 829 2549 1004 2588; x_wconf 87' lang='lat' dir='ltr'><strong>Eandem</strong></span> <span class='ocrx_word' id='word_1_323' title='bbox 1035 2561 1192 2601; x_wconf 87' lang='lat' dir='ltr'><strong>quoque</strong></span> <span class='ocrx_word' id='word_1_324' title='bbox 1228 2549 1466 2587; x_wconf 86' lang='lat' dir='ltr'><strong>sententiam</strong></span> <span class='ocrx_word' id='word_1_325' title='bbox 1493 2550 1715 2602; x_wconf 82' lang='lat' dir='ltr'><strong>colligimus</strong></span> 
     </span>
     <span class='ocr_line' id='line_1_37' title="bbox 218 2617 1714 2672; baseline -0.003 -10"><span class='ocrx_word' id='word_1_326' title='bbox 218 2635 239 2661; x_wconf 88' lang='lat' dir='ltr'><strong>e</strong></span> <span class='ocrx_word' id='word_1_327' title='bbox 268 2623 354 2661; x_wconf 90' lang='lat' dir='ltr'><strong>loco</strong></span> <span class='ocrx_word' id='word_1_328' title='bbox 394 2622 597 2672; x_wconf 85' lang='lat' dir='ltr'><strong>sequenti,</strong></span> <span class='ocrx_word' id='word_1_329' title='bbox 637 2620 704 2658; x_wconf 89' lang='lat' dir='ltr'><strong>ubi</strong></span> <span class='ocrx_word' id='word_1_330' title='bbox 745 2619 879 2658; x_wconf 89' lang='lat' dir='ltr'><strong>dedita</strong></span> <span class='ocrx_word' id='word_1_331' title='bbox 910 2631 1028 2670; x_wconf 86' lang='lat' dir='ltr'><strong>opera</strong></span> <span class='ocrx_word' id='word_1_332' title='bbox 1059 2618 1175 2657; x_wconf 83' lang='lat' dir='ltr'><strong>(locet</strong></span> <span class='ocrx_word' id='word_1_333' title='bbox 1205 2617 1342 2656; x_wconf 88' lang='lat' dir='ltr'><strong>fideles</strong></span> <span class='ocrx_word' id='word_1_334' title='bbox 1373 2617 1578 2664; x_wconf 86' lang='lat' dir='ltr'><strong>Calvinus,</strong></span> <span class='ocrx_word' id='word_1_335' title='bbox 1618 2619 1714 2670; x_wconf 88' lang='lat' dir='ltr'><strong>quid</strong></span> 
     </span>
    </p>
   </div>
   <div class='ocr_carea' id='block_1_3' title="bbox 272 2794 1566 2945">
    <p class='ocr_par' dir='ltr' id='par_1_3' title="bbox 272 2794 1566 2945">
     <span class='ocr_line' id='line_1_38' title="bbox 273 2794 1522 2836; baseline 0.002 -10"><span class='ocrx_word' id='word_1_336' title='bbox 273 2796 298 2836; x_wconf 91' lang='lat'><strong>¹)</strong></span> <span class='ocrx_word' id='word_1_337' title='bbox 323 2796 402 2827; x_wconf 69' lang='lat' dir='ltr'><strong>Just.</strong></span> <span class='ocrx_word' id='word_1_338' title='bbox 429 2795 483 2826; x_wconf 93' lang='lat' dir='ltr'><strong>IV.</strong></span> <span class='ocrx_word' id='word_1_339' title='bbox 510 2795 561 2828; x_wconf 80' lang='lat'><strong>12.</strong></span> <span class='ocrx_word' id='word_1_340' title='bbox 588 2796 616 2826; x_wconf 85' lang='lat'><strong>1.</strong></span> <span class='ocrx_word' id='word_1_341' title='bbox 750 2795 776 2835; x_wconf 75' lang='grc'><strong>2)</strong></span> <span class='ocrx_word' id='word_1_342' title='bbox 800 2795 881 2827; x_wconf 70' lang='lat' dir='ltr'><strong>Inst.</strong></span> <span class='ocrx_word' id='word_1_343' title='bbox 904 2794 959 2827; x_wconf 90' lang='lat' dir='ltr'><strong>IV.</strong></span> <span class='ocrx_word' id='word_1_344' title='bbox 984 2795 1013 2827; x_wconf 87' lang='lat'><strong>1.</strong></span> <span class='ocrx_word' id='word_1_345' title='bbox 1040 2795 1068 2827; x_wconf 86' lang='grc'><strong>1.</strong></span> <span class='ocrx_word' id='word_1_346' title='bbox 1202 2795 1228 2834; x_wconf 82' lang='lat'><strong>3)</strong></span> <span class='ocrx_word' id='word_1_347' title='bbox 1252 2795 1332 2826; x_wconf 73' lang='lat' dir='ltr'><strong>Inst.</strong></span> <span class='ocrx_word' id='word_1_348' title='bbox 1357 2794 1411 2827; x_wconf 92' lang='lat' dir='ltr'><strong>IV.</strong></span> <span class='ocrx_word' id='word_1_349' title='bbox 1437 2794 1466 2827; x_wconf 85' lang='lat'><strong>3.</strong></span> <span class='ocrx_word' id='word_1_350' title='bbox 1493 2796 1522 2828; x_wconf 88' lang='grc'><strong>1.</strong></span> 
     </span>
     <span class='ocr_line' id='line_1_39' title="bbox 272 2840 1269 2891; baseline -0.001 -10"><span class='ocrx_word' id='word_1_351' title='bbox 272 2850 298 2891; x_wconf 77' lang='lat'><strong>⁴)</strong></span> <span class='ocrx_word' id='word_1_352' title='bbox 324 2851 403 2882; x_wconf 66' lang='lat' dir='ltr'><strong>[nst.</strong></span> <span class='ocrx_word' id='word_1_353' title='bbox 427 2848 482 2882; x_wconf 72' lang='lat' dir='ltr'><strong>lv.</strong></span> <span class='ocrx_word' id='word_1_354' title='bbox 507 2849 536 2880; x_wconf 80' lang='lat'><strong>1.</strong></span> <span class='ocrx_word' id='word_1_355' title='bbox 563 2850 591 2880; x_wconf 85' lang='lat'><strong>5.</strong></span> <span class='ocrx_word' id='word_1_356' title='bbox 749 2849 774 2889; x_wconf 85' lang='lat'><strong>⁵)</strong></span> <span class='ocrx_word' id='word_1_357' title='bbox 799 2849 847 2880; x_wconf 85' lang='lat' dir='ltr'><strong>lb.</strong></span> <span class='ocrx_word' id='word_1_358' title='bbox 1265 2840 1269 2846; x_wconf 92' lang='grc'><em>“</em></span> 
     </span>
     <span class='ocr_line' id='line_1_40' title="bbox 272 2902 1566 2945; baseline 0.001 -10"><span class='ocrx_word' id='word_1_359' title='bbox 272 2905 299 2945; x_wconf 76' lang='grc' dir='ltr'><strong>ὃ)</strong></span> <span class='ocrx_word' id='word_1_360' title='bbox 324 2903 371 2935; x_wconf 83' lang='lat' dir='ltr'><strong>Cf.</strong></span> <span class='ocrx_word' id='word_1_361' title='bbox 396 2912 578 2935; x_wconf 77' lang='lat' dir='ltr'>SCHENKEL.</span> <span class='ocrx_word' id='word_1_362' title='bbox 602 2913 630 2934; x_wconf 92' lang='lat' dir='ltr'><strong>o.</strong></span> <span class='ocrx_word' id='word_1_363' title='bbox 649 2903 670 2935; x_wconf 94' lang='lat' dir='ltr'><strong>l.</strong></span> <span class='ocrx_word' id='word_1_364' title='bbox 696 2903 758 2935; x_wconf 86' lang='grc' dir='ltr'><strong>ΙΙΙ.</strong></span> <span class='ocrx_word' id='word_1_365' title='bbox 784 2904 858 2936; x_wconf 79' lang='grc'>298.</span> <span class='ocrx_word' id='word_1_366' title='bbox 993 2902 1018 2944; x_wconf 90' lang='grc'><strong>7)</strong></span> <span class='ocrx_word' id='word_1_367' title='bbox 1044 2903 1124 2935; x_wconf 72' lang='lat' dir='ltr'><strong>[nst.</strong></span> <span class='ocrx_word' id='word_1_368' title='bbox 1149 2902 1203 2935; x_wconf 85' lang='lat' dir='ltr'><strong>IV.</strong></span> <span class='ocrx_word' id='word_1_369' title='bbox 1230 2904 1260 2936; x_wconf 83' lang='lat'><strong>3.</strong></span> <span class='ocrx_word' id='word_1_370' title='bbox 1286 2903 1314 2935; x_wconf 90' lang='lat'><strong>1.</strong></span> <span class='ocrx_word' id='word_1_371' title='bbox 1338 2903 1375 2937; x_wconf 87' lang='lat' dir='ltr'><strong>cf.</strong></span> <span class='ocrx_word' id='word_1_372' title='bbox 1401 2903 1456 2935; x_wconf 87' lang='lat' dir='ltr'><strong>IV.</strong></span> <span class='ocrx_word' id='word_1_373' title='bbox 1482 2904 1511 2936; x_wconf 86' lang='grc'><strong>1.</strong></span> <span class='ocrx_word' id='word_1_374' title='bbox 1536 2905 1566 2936; x_wconf 80' lang='lat'><strong>4.</strong></span> 
     </span>
    </p>
   </div>
  </div>
 </body>
</html>
