1849 3239
885 76 961 115 126

178 207 314 245 »solus
351 207 473 246 habet
508 209 738 259 promissam
777 208 851 246 sibi
891 208 1011 248 verbo
1051 208 1121 247 Dei
1157 208 1277 261 (quod
1304 211 1465 250 mentiri
1494 223 1574 251 non
1604 224 1669 264 po-

178 292 193 310 n
207 278 304 325 test)
335 275 568 316 Sanctorum
599 277 938 322 communionem,
977 278 1250 317 remissionem
1281 286 1551 331 peccatorum,
1591 293 1672 320 cara

178 346 268 383 »nis
307 345 518 397 gloriosam
557 347 895 385 resurrectionem
935 353 975 386 et
1013 348 1135 386 vitam
1175 354 1378 387 aeternam
1393 349 1458 402 ⁶).⁷’
1528 349 1672 388 Omnes

179 414 304 466 igitur
346 415 415 453 »in
454 414 529 453 hoc
564 416 633 453 tali
673 422 790 454 coetu
819 416 1047 461 constituti,
1086 417 1185 455 certi
1215 424 1328 462 sunt,
1368 419 1497 457 onmia
1527 418 1672 457 Christi
1722 412 1726 416 ⁵

181 481 366 521 »Domini
404 481 596 520 beneficia
631 483 680 521 ad
710 495 750 521 se
774 484 946 534 -perinde
976 491 1095 535 atque
1126 485 1174 524 ad
1205 486 1301 524 alios
1331 493 1486 525 sanctos
1517 498 1673 532 omnes,

182 552 252 590 »in
293 551 402 590 coelo
440 558 480 589 et
518 551 558 589 in
598 558 704 590 terra
739 553 953 603 pertinere.
1011 552 1162 593 Deinde
1198 562 1306 593 certa
1341 555 1486 595 fiducia
1519 569 1674 609 semper

182 621 395 660 »obtinent
425 620 690 658 indubitatam
722 623 898 660 omnium
928 630 1179 674 peccatorum
1204 624 1500 670 remissionem,
1529 626 1570 664 in
1596 638 1674 664 om-

183 690 252 728 »ni
275 702 343 728 sua
374 702 444 741 per
474 701 618 728 nomen
649 689 796 729 Christi
824 691 1008 731 instituta
1037 693 1298 733 invocatione.
1356 693 1580 739 Postremo,
1619 701 1675 733 et·

183 777 199 794 »
214 760 245 798 si
284 772 324 797 se
363 759 404 796 in
442 759 590 798 mundo
628 758 703 798 hoc
732 766 979 812 contemptos
1011 768 1130 814 atque
1160 763 1308 802 invisos
1336 763 1464 802 modis
1495 763 1676 802 omnibus

185 840 297 867 »esse
337 828 519 873 videant,
556 829 654 867 certi
693 836 787 868 sunt
826 837 959 869 tamen
991 844 1031 870 se
1057 832 1228 883 gloriose
1253 833 1352 871 solim
1382 839 1677 871 resurrecturos

184 910 297 935 »esse
405 897 454 936 ad
484 897 607 937 vitam
628 904 668 937 et
694 900 860 951 gloriam
886 907 1090 939 aeternam
1107 901 1183 954 ⁷),''
1209 909 1443 954 propterea,
1468 902 1580 953 quod
1610 901 1676 939 »hi

183 978 349 1005 »omnes
392 966 564 1005 delatam
609 967 683 1006 sibi
726 967 877 1007 habent
923 971 1173 1021 gratuito...
1227 973 1544 1010 communionem
1587 983 1676 1009 cum

183 1034 369 1073 »Christo
400 1034 586 1081 Domino,
618 1042 814 1087 quatenus
843 1038 1020 1076 membra
1050 1045 1144 1077 sunt
1175 1051 1268 1078 suae
1300 1040 1494 1078 Ecclesiae
1510 1039 1578 1092 8).''
1627 1039 1678 1079 Ut

167 1104 305 1143 -verbo
355 1104 502 1148 dicam,
570 1104 772 1156 »Spiritus
816 1107 1166 1147 sanctusefficax
1205 1109 1338 1148 reddit
1382 1110 1612 1148 institutum
1657 1122 1678 1148 a

184 1173 371 1213 »Christo
409 1175 677 1214 ministerium
716 1176 764 1214 ad
804 1177 972 1215 salutem
989 1176 1063 1230 ⁰)‚”
1121 1196 1136 1212 n
1155 1185 1200 1217 ut
1238 1178 1453 1218 fructificet
1492 1179 1533 1218 in
1573 1179 1678 1241 omni

184 1244 382 1296 »pietate,
412 1245 564 1283 iustitia
593 1252 633 1283 et
662 1246 894 1284 scanctita'tc
912 1246 992 1299 1⁰).”

461 1381 488 1435 §
518 1383 579 1421 M.
636 1382 959 1433 Perfectissimsmn
988 1383 1182 1423 Ecclesiae
1211 1385 1414 1436 exemplar.

240 1520 370 1566 Quum
400 1521 519 1559 certis
548 1533 576 1559 s,
602 1521 820 1573 scripturae
849 1522 1087 1560 testimoniis
1112 1529 1286 1567 constat,
1319 1522 1544 1561 »Christum
1571 1535 1681 1561 suam

186 1591 427 1629 »Ecclesia-m
453 1589 685 1629 habiturum
711 1603 795 1630 esse
821 1604 946 1642 usque
968 1592 1017 1631 ad
1042 1593 1420 1632 consummationem
1437 1592 1681 1644 di·erum¹),’'

187 1673 303 1712 quam
341 1660 450 1698 inter
489 1660 609 1699 breve
641 1661 831 1712 temporis
861 1662 1032 1713 spatium
1065 1662 1319 1713 exspectabat
1336 1662 1385 1715 2),
1426 1674 1566 1713 operae
1597 1672 1682 1713 pre-

188 1730 284 1768 tium
322 1731 399 1768 erit
437 1730 681 1781 paucissimis
721 1731 761 1768 in
801 1730 878 1768 fine
908 1730 1029 1769 huius
1059 1732 1197 1782 capitis
1226 1732 1448 1783 inquirere,
1484 1731 1684 1783 quodnam

185 1799 308 1837 fucrit
347 1812 368 1837 e
403 1806 536 1838 mente
572 1798 684 1838 Lasci
716 1800 911 1838 Ecclesiae
941 1800 1184 1852 perfectum,
1221 1802 1269 1840 ad
1301 1802 1407 1853 quod
1437 1814 1526 1840 suas
1557 1801 1684 1839 Eccle-

188 1869 267 1906 siae
299 1868 510 1906 instituere
540 1876 704 1907 conatus
735 1876 805 1907 est.
864 1868 1023 1907 Nullum
1056 1858 1188 1909 autem
1221 1864 1349 1922 aptius
1380 1871 1490 1909 iuxta
1516 1883 1560 1909 ac
1585 1870 1684 1908 dilu-

186 1937 315 1975 cidius
353 1936 446 1976 huic
486 1938 710 1989 quaestioni
748 1951 980 1990 responsum
1020 1939 1105 1978 dari
1145 1940 1313 1991 poterit,
1353 1953 1470 1990 quam
1500 1940 1531 1978 si
1562 1939 1685 1977 conti-

187 2019 313 2045 nuum
363 2007 688 2058 descripserimus
740 2008 888 2052 locum,
941 2008 1009 2046 ubi
1063 2009 1347 2048 fervidissimas
1390 2022 1546 2060 preces,
1590 2021 1689 2060 quas

189 2077 328 2128 quovis
381 2077 445 2115 die
495 2075 700 2115 Dominico
753 2077 801 2115 ab
845 2077 961 2115 initio
1006 2091 1138 2116 sacrae
1181 2078 1384 2117 concionis
1428 2091 1560 2117 coram
1603 2084 1688 2117 tota

190 2146 361 2185 Ecclesia
400 2146 625 2185 fundendas
665 2146 714 2184 ad
753 2153 902 2184 certam
943 2146 1152 2185 formulam
1192 2148 1232 2185 in
1270 2147 1377 2186 hunc
1406 2148 1567 2186 modum
1598 2159 1688 2185 con-

191 2216 392 2268 concepit:
450 2213 646 2253 »Oramus
677 2221 714 2253 te
745 2216 991 2254 sanctissime
1022 2215 1159 2260 Pater,
1189 2229 1259 2267 pro
1288 2216 1481 2254 catholiea
1511 2215 1582 2253 filii
1609 2215 1689 2259 tui,

193 2292 309 2324 »toto
350 2292 547 2323 terrarum
588 2284 682 2323 orbe
723 2284 864 2323 diffusa
903 2285 1094 2329 Ecclesia,
1133 2285 1174 2323 in
1205 2298 1281 2336 qua
1312 2298 1403 2323 vera
1434 2297 1476 2323 ac
1507 2284 1690 2323 salutaris

193 2354 294 2393 »filii
325 2354 384 2392 tui
415 2353 596 2392 doctrina
616 2344 796 2392 'docetur
824 2361 864 2392 et
896 2354 1140 2393 observatur.
1199 2353 1343 2392 Arceto
1374 2354 1422 2392 ab
1452 2354 1537 2398 illa,
1573 2366 1690 2404 quae-

194 2442 210 2459 >›
225 2437 375 2469 sumus,
414 2424 534 2462 salsos
573 2435 709 2462 omnes
744 2431 922 2475 pastores
960 2437 1004 2462 ac
1043 2423 1245 2462 doctores:
1285 2423 1388 2461 seras
1418 2423 1503 2461 illas
1532 2425 1689 2468 noxias,

248 2590 273 2630 6)
299 2590 410 2621 Forma
435 2599 472 2620 ae
495 2591 556 2621 rat.
581 2590 653 2621 min.
680 2590 776 2622 Lond.
800 2600 829 2631 p.
857 2589 930 2623 177.
1064 2588 1089 2630 7)
1114 2589 1160 2622 Ib.
1186 2601 1215 2632 p.
1242 2591 1304 2625 177
1329 2592 1360 2622 et
1385 2591 1458 2624 178.

247 2643 273 2685 8)
302 2644 403 2676 Τναοί.
429 2644 467 2676 de
492 2646 630 2676 Sacram.
654 2655 684 2686 p.
711 2646 778 2678 342.
913 2645 938 2685 ⁹)
962 2646 1075 2677 Forma
1099 2656 1137 2677 ccc
1159 2648 1221 2678 rat.
1245 2647 1318 2678 min.
1341 2646 1439 2678 Lond.
1463 2656 1493 2687 p.
1519 2645 1595 2678 593.

236 2700 263 2722 1⁰
301 2699 348 2732 lb.
383 2711 403 2732 ).
429 2701 457 2733 2.
1693 2723 1697 2728 .

251 2702 277 2795 ¹}
304 2710 417 2786 For-ziza
448 2765 485 2786 ac
512 2756 574 2786 rat.
605 2754 678 2786 min.
710 2755 807 2787 Lond.
839 2765 868 2796 p.
893 2755 966 2789 176.
998 2755 1045 2786 Cf.
1077 2755 1172 2797 Pury.
1198 2756 1270 2787 min.
1302 2756 1451 2798 Francos.
1482 2766 1512 2797 p.
1542 2756 1592 2787 52.
1629 2756 1693 2787 Cat.

199 2811 299 2843 Lond.
324 2821 395 2841 maz
420 2820 449 2851 p.
475 2810 526 2844 76.
551 2810 608 2852 Ep.
632 2809 676 2841 ad
699 2810 769 2841 Sen.
795 2810 863 2841 Pol
890 2811 967 2849 (Sor.
992 2812 1058 2841 ant.
1089 2809 1150 2841 III.
1184 2811 1230 2845 1⁵¹..
1262 2810 1360 2851 100.).
1394 2810 1484 2852 Cowf.
1499 2810 1584 2853 fidei
1611 2819 1640 2851 p.
1665 2811 1696 2841 4.

202 2868 431 2906 (HERINGA.1)
457 2865 543 2905 236.)
569 2867 599 2896 et
625 2865 643 2896 8
671 2864 724 2903 (ib.
748 2875 778 2906 p
804 2864 901 2904 244).

254 2921 280 2962 ει’)
308 2911 375 2954 Cat.
400 2920 496 2953 Lond.
520 2920 592 2952 mai.
617 2931 647 2962 p.
674 2919 732 2958 54,
756 2918 808 2952 76.
830 2919 886 2961 Ep
911 2919 955 2951 ad
975 2919 1137 2953 Harden'b.
1162 2920 1240 2959 (Ser
1265 2922 1329 2952 amat
1354 2919 1400 2953 II.
1423 2921 1467 2953 10.
1492 2921 1572 2959 519,
1598 2919 1694 2958 520.)-
