1849 3239
815 97 866 137 63

101 235 227 275 »Cura
259 236 430 286 denique
456 245 672 286 pauperum
698 231 872 270 diaconis
897 229 1081 268 mandata
1109 236 1167 266 est
1184 228 1248 280 6).”
1293 227 1491 265 Habemus
1518 227 1587 277 igi-

101 312 165 344 tur
199 313 350 357 septem
387 305 660 343 ministrorum
700 314 867 353 genera,
906 312 1006 351 quac
1052 299 1092 336 in
1123 297 1275 349 sylloge
1307 298 1361 334 sic
1392 303 1480 347 apte
1513 294 1589 333 dis-

101 374 276 414 tribuas:

181 511 300 551 Verbi
329 510 604 550 ministerium.
768 505 1004 544 Iurisdictio.
1165 502 1264 541 Cura
1295 511 1524 552 pauperum.

103 649 290 689 eoetraord.
335 650 370 687 1.
401 646 590 699 Apostoli.
755 645 789 682 6.
821 641 1015 681 Seniores.
1221 639 1254 676 7.
1287 637 1459 676 Diaconi.

331 719 368 756 2.
398 715 689 767 Euangelistae.

334 787 369 826 3.
399 785 632 837 Prophetae.

102 856 301 897 ordinarii.
331 857 366 894 4.
396 855 597 894 Doctores.

336 926 370 964 5.
401 923 597 962 Pastores.

555 1059 581 1112 §5
611 1060 644 1096 4.
702 1055 963 1102 Ministrormn
992 1052 1129 1092 electio.

160 1201 210 1240 Ut
249 1200 365 1251 »quis
400 1210 517 1237 verus
547 1202 757 1235 censeatur
787 1193 985 1232 Ecclesiae
1016 1192 1218 1235 minister,
1248 1191 1325 1229 rite
1355 1196 1519 1229 vocatus
1550 1190 1601 1228 sit

106 1275 292 1321 »oportet
310 1268 386 1320 ¹),’'
418 1279 539 1319 quare
569 1266 748 1317 inprimis
783 1265 1002 1303 cavendum
1034 1269 1114 1308 est,
1146 1274 1225 1300 »ne
1255 1262 1344 1313 quis
1374 1262 1458 1300 sine
1489 1272 1602 1299 voca-

74 1382 76 1385 .
106 1339 253 1376 »tione
283 1336 483 1388 publicum
522 1335 563 1374 in
603 1333 776 1373 Ecclesia
815 1345 959 1371 munus
995 1332 1069 1370 sibi
1100 1338 1229 1370 sumat
1255 1331 1323 1384 2).”
1382 1329 1521 1368 Omnia
1551 1342 1602 1368 sc.

106 1407 243 1446 ordine
281 1413 322 1445 et
357 1406 547 1444 decenter
577 1404 662 1456 geri
692 1404 732 1442 in
764 1402 939 1441 Ecclesia
969 1401 1138 1445 debent,
1167 1413 1298 1452 neque
1328 1398 1604 1438 tantummodo

105 1476 317 1515 ministerii
347 1475 497 1514 aditum
529 1474 647 1512 certis
676 1472 832 1524 legibus
861 1471 1201 1523 circumscriptum
1232 1482 1317 1509 esse
1347 1476 1504 1513 monet,
1536 1468 1606 1507 sed

107 1558 192 1584 esse
237 1557 394 1596 quoque
437 1555 558 1595 penes
603 1541 818 1580 Ecclesiam
862 1542 924 1579 ius
967 1541 1144 1579 muneris
1187 1539 1388 1578 adimendi
1433 1538 1501 1583 iis,
1540 1538 1607 1588 qui

109 1621 246 1653 contra
284 1613 413 1665 legem
453 1612 576 1651 creati
615 1618 726 1654 sunt,
767 1611 862 1662 quin
899 1611 976 1649 imo
1022 1609 1367 1649 »exauctorandos
1407 1620 1510 1652 6556,
1541 1607 1608 1658 qui

113 1701 128 1718 »
142 1684 184 1722 in
215 1681 342 1721 officio
371 1682 502 1720 minus
527 1681 664 1719 fideles
685 1692 726 1720 se
758 1686 962 1731 praestent
979 1680 1056 1731 3);”
1089 1687 1128 1717 et
1155 1690 1276 1730 quum
1302 1684 1443 1730 sponte
1464 1688 1610 1716 munus

112 1764 260 1804 poncre
306 1758 510 1796 recusent,
552 1763 636 1789 esse
683 1750 843 1801 quidem
888 1750 1143 1801 magistratus
1189 1761 1261 1800 ope
1301 1747 1541 1786 amovendos
1567 1744 1610 1797 ⁴).

110 1820 153 1859 In
194 1822 276 1871 ipsa
316 1828 448 1859 autem
482 1819 689 1858 vocatione
720 1826 891 1870 quatuor
921 1819 995 1857 sibi
1027 1825 1164 1857 noster
1194 1819 1306 1870 ponit
1337 1817 1610 1868 quaestiones:

109 1889 317 1933 videlicet,
358 1907 372 1922 »
387 1889 543 1939 quales,
574 1887 767 1939 qualiter,
797 1901 817 1926 a
848 1887 991 1938 quibus
1021 1887 1196 1939 eligendi
1228 1887 1327 1930 sint,
1357 1892 1398 1924 et
1424 1885 1613 1937 quo-ritu

110 1958 218 1996 »sint
244 1958 284 1996 in
308 1970 474 1996 munere
501 1970 571 1996 suo
596 1957 781 1996 initiandi
799 1956 872 2007 ⁵)”.
919 1957 978 1995 Ad
1006 1957 1202 2009 singulas,
1233 1956 1328 2007 quid
1354 1955 1614 2007 respondeat,

110 2027 325 2066 videamus.
382 2027 436 2065 ’10.
471 2027 640 2073 Quales?
679 2049 729 2055 —-—
770 2025 960 2065 »Summa
995 2026 1073 2065 huc
1103 2026 1209 2065 redit
1238 2038 1319 2064 non
1349 2038 1435 2064 esse
1466 2026 1615 2077 eligen-

113 2114 128 2131 π
141 2097 231 2141 dos,
270 2097 345 2135 nisi
376 2097 443 2147 qui
473 2096 552 2135 sint
582 2109 699 2134 sanae
730 2096 934 2134 doctrinae
965 2102 1005 2134 et
1034 2102 1194 2134 sanctae
1224 2096 1351 2140 vitae,
1380 2108 1454 2134 nec
1483 2094 1616 2146 aliquo

113 2166 240 2205 »vitio
275 2165 475 2204 notabiles
490 2164 563 2217 ⁶).''
623 2163 797 2203 Solemni
833 2165 958 2216 igitur
987 2165 1159 2203 examini
1191 2177 1276 2203 sese
1307 2164 1546 2202 submittant
1563 2163 1616 2216 ⁷),

113 2242 153 2274 et
183 2235 374 2290 interiore
404 2241 611 2286 praeterea
642 2235 849 2273 vocatione
880 2234 1128 2279 excitentur,
1160 2247 1277 2285 quam
1308 2234 1391 2286 ipse
1421 2234 1616 2285 interpre-

113 2310 239 2343 tatur:
280 2304 456 2342 »bonum
486 2303 625 2343 cordis,
646 2304 771 2342 nostri
809 2303 1105 2347 testimonium,
1146 2305 1252 2355 quod
1283 2304 1437 2342 sincero
1469 2302 1538 2341 Dei
1570 2302 1618 2341 ti-

116 2385 253 2412 »more
293 2379 333 2412 et
372 2372 639 2412 aedificandae
680 2372 877 2411 Ecclesiae
908 2373 1041 2411 studio
1072 2372 1250 2412 oblatum
1279 2385 1425 2412 munus
1454 2372 1618 2424 recipia-

118 2456 233 2482 »mus
255 2440 327 2494 ⁸).''
384 2443 438 2481 2⁰.
474 2441 675 2490 Qualiter?
704 2464 757 2470 -—
786 2440 946 2484 Publica
977 2441 1205 2480 indicantur
1230 2441 1397 2486 ieiunia3
1424 2441 1620 2480 solemnes

171 2563 196 2602 6)
224 2563 302 2594 Inst.
326 2563 381 2594 IV.
406 2562 435 2594 3.
461 2563 490 2594 9.
515 2563 552 2595 cf.
577 2563 632 2595 IV.
656 2563 708 2595 20.
733 2564 763 2594 4.
898 2563 922 2603 ¹)
948 2565 1027 2595 Just.
1052 2563 1106 2595 IV.
1133 2563 1163 2595 3.
1190 2564 1241 2595 10.

174 2618 200 2657 2)
227 2618 304 2649 [nst.
329 2617 384 2649 IV.
410 2616 438 2648 3.
464 2617 516 2649 10.
541 2618 578 2649 ef.
602 2619 695 2649 Brev.
722 2616 811 2659 Conf.
827 2617 889 2658 fid.
904 2618 1005 2659 form.
1029 2617 1116 2649 Tom.
1141 2617 1234 2649 VIII.
1260 2616 1331 2649 911».

174 2672 199 2712 3)
225 2673 318 2704 Brev.
347 2671 433 2713 Coras.
449 2671 510 2712 fid.
525 2671 625 2713 form.
650 2671 737 2703 Tom.
761 2670 855 2701 VIII.
883 2670 951 2704 911).
977 2672 1013 2703 es.
1041 2673 1102 2713 Ep.
1131 2671 1177 2703 ad
1197 2671 1277 2705 doct.
1301 2672 1406 2714 Marp.
1432 2672 1518 2705 Toni.
1544 2671 1620 2705 be.

123 2726 192 2760 84b.
217 2729 249 2758 et
273 2727 330 2768 Ep.
357 2726 401 2757 ad
424 2733 560 2756 FARELL.
585 2726 670 2759 Tom.
698 2726 772 2758 IXb.
799 2724 867 2758 55b.

176 2782 200 2822 ⁴)
228 2782 351 2813 Scholia
374 2781 406 2812 z'n
431 2781 489 2822 Ep.
513 2781 610 2812 Panlz·
633 2781 696 2813 III.
721 2781 807 2813 Tom.
833 2781 924 2813 VIII.
950 2781 1044 2813 184b.

174 2837 199 2877 ⁵)
228 2838 303 2868 lust.
329 2835 384 2868 IV.
410 2835 439 2868 3.
465 2836 516 2867 11.
649 2837 674 2877 ⁶)
700 2839 779 2868 Insl.
804 2836 861 2869 IV.
889 2835 917 2869 3.
944 2837 994 2869 12.

178 2891 204 2932 7)
229 2892 288 2934 Ep.
312 2890 356 2922 ad
382 2890 459 2923 Oliv.
483 2889 570 2922 Tom.
596 2889 669 2923 IXb.
696 2892 785 2923 143³.

175 2945 203 2987 Β)
228 2947 306 2980 Inst.
332 2945 387 2979 IV.
412 2946 442 2979 3.
467 2945 519 2977 11.
546 2945 584 2977 cf.
608 2945 645 2977 de
668 2945 821 2978 coelibatu
845 2944 887 2978 ib.
911 2945 966 2978 IV.
993 2945 1044 2978 12.
1070 2945 1199 2977 23—28
1223 2947 1255 2976 et
1278 2944 1333 2977 IV.
1359 2945 1412 2978 13.
1438 2946 1467 2977 3.
