1849 3239
929 80 980 119 88

206 233 342 272 parum
376 229 570 257 memores
599 216 703 253 laeto
735 215 812 252 sint
843 214 972 252 animo
1004 221 1121 264 atque
1153 212 1309 250 hilares,
1368 211 1535 264 Maligne
1568 211 1700 250 Consi-

207 290 372 328 storium
407 286 635 325 Genevense
673 296 827 321 omnem
862 283 1174 334 persequebatur
1203 282 1474 325 saltationem,
1514 294 1700 322 commes-

206 359 421 400 sationem,
462 356 765 407 qualencumque
805 352 976 402 denique
1006 351 1331 390 effervescentem
1361 350 1625 395 hilaritatem,
1661 358 1725 406 et¹

206 427 322 466 anxie
361 425 546 468 cavebat,
585 435 634 461 ne
666 421 770 460 ludis
801 433 841 459 se
872 419 1370 475 dederent-Genevenses,
1401 433 1529 471 neque
1561 421 1701 459 iocosis

207 497 504 535 delectarentur
548 489 809 534 carminibus,
859 490 940 528 sive
984 489 1101 528 nimis
1143 488 1345 540 leporibus
1389 488 1644 540 indulgerent
1660 489 1700 542 ⁰).

206 565 250 604 In
281 576 436 603 morum
462 572 618 612 quoque
645 558 970 610 depravationem
997 557 1388 601 animadvertebant,
1414 564 1454 596 et
1479 559 1702 597 contumaci

205 633 390 673 licentiae
420 629 653 669 iniiciebant
680 628 858 672 frenum,
889 640 965 679 qua
995 628 1035 666 in
1066 640 1108 665 rc
1139 634 1272 666 tamen
1302 638 1382 665 non
1411 626 1466 664 ita
1491 627 1702 678 profecisse

204 715 292 744 eos,
333 713 450 752 quam
491 699 610 749 vulgo
650 697 848 741 creditur,
888 697 971 748 ipsa
1010 696 1178 734 historia
1218 708 1289 734 nos
1328 696 1456 734 docet.
1515 695 1702 741 Quamvis

205 772 311 810 enim
347 780 589 821 exaggerare
625 766 808 805 nonnihil
853 766 953 804 solet
992 772 1032 804 et
1072 764 1222 803 Calvini
1253 777 1333 803 non
1362 777 1504 803 coecus
1532 765 1608 804 suit
1637 765 1703 804 ad-

205 840 391 882 mirator,
429 838 574 889 dignus
604 844 737 875 tamen
768 841 829 874 est
859 835 927 885 qui
958 835 1165 878 audiatur,
1195 833 1389 877 Galisfius,
1422 834 1489 885 qui
1519 834 1601 886 ipse
1633 833 1703 874 Ge-

201 909 386 947 nevensis
420 906 715 945 accuratissime
748 903 980 943 Genevense
1016 903 1256 942 tabularium
1286 903 1517 954 exploravit.
1574 902 1703 943 Verba

203 978 289 1016 eius
319 977 373 1014 sic
403 988 444 1014 se
475 975 625 1014 habent
656 974 729 1013 »Je
759 972 998 1013 montrerais
1028 974 1049 1011 a
1079 985 1199 1016 ceux,
1231 973 1297 1024 qui
1324 972 1596 1024 s'imaginent‚
1626 986 1702 1024 que

202 1045 368 1084 »Calvin
408 1045 473 1083 n'a
512 1044 584 1083 fait
621 1056 698 1095 que
728 1043 782 1082 du
811 1042 925 1086 bien,
964 1054 1035 1080 nos
1064 1041 1254 1094 registres
1283 1048 1467 1080 couverts
1497 1042 1702 1094 d'inserip-

202 1115 338 1153 »tions
387 1114 565 1153 d’ensans
614 1112 864 1164 illegitimeS,
903 1134 956 1139 -—
990 1108 1040 1149 on
1080 1124 1127 1150 ex
1163 1111 1346 1162 'exposait
1381 1111 1479 1149 dans
1517 1117 1607 1149 tous
1645 1111 1703 1150 les

205 1184 344 1223 »coins
383 1183 431 1222 de
476 1183 513 1221 13
553 1182 645 1220 ville
687 1188 727 1219 et
763 1181 811 1220 de
850 1182 887 1219 13
926 1193 1162 1233 campagne‚
1201 1203 1254 1208 -—
1289 1180 1358 1219 des
1387 1181 1525 1232 proces
1553 1179 1703 1228 hideux

200 1252 519 1295 »d'obscenites,
559 1250 629 1289 (105
668 1252 904 1294 testamens,
941 1251 991 1288 ou
1031 1251 1088 1288 les
1127 1251 1241 1301 peres
1277 1255 1316 1287 et
1346 1250 1403 1287 105
1433 1250 1563 1288 meres
1593 1262 1702 1288 accu-

199 1329 317 1361 »sent
357 1319 467 1360 leurs
508 1320 647 1358 enfans
687 1331 767 1357 non
803 1332 871 1370 pas
910 1319 1122 1368 d'erreurs,
1142 1319 1387 1363 seulement,
1422 1317 1521 1356 mais
1551 1318 1599 1356 de
1630 1318 1703 1357 cri-

199 1404 332 1435 111105,
362 1413 414 1419 -
444 1390 513 1429 des
556 1389 819 1427 transactions
854 1401 925 1440 par
950 1388 1096 1427 devant
1126 1388 1280 1426 notaire
1312 1393 1426 1425 entre
1457 1387 1526 1425 des
1556 1387 1704 1425 demoi-

198 1461 344 1500 »selles
375 1466 415 1499 et
444 1461 552 1498 leurs
583 1470 738 1502 amans,
769 1457 836 1509 qui
867 1458 955 1496 leur
984 1457 1204 1496 donnaient
1234 1469 1283 1495 en
1314 1457 1503 1508 presence
1537 1456 1586 1495 de
1615 1456 1705 1494 leur

200 1542 395 1583 »parens‚
426 1530 475 1568 de
507 1529 600 1580 quoi
631 1528 765 1566 elever
794 1527 901 1565 leurs
926 1526 1108 1570 batards,
1139 1525 1208 1564 des
1233 1526 1469 1565 multitudes
1494 1526 1542 1565 de
1564 1526 1704 1564 maria-

200 1613 300 1652 »ges
339 1598 468 1638 forces
504 1598 555 1636 ou
594 1597 651 1635 les
682 1596 918 1647 delinquans
949 1596 1101 1635 etaient
1131 1595 1316 1634 conduits
1345 1595 1394 1634 de
1425 1596 1461 1634 la
1491 1595 1624 1647 prison
1655 1608 1705 1633 au

200 1685 216 1702 n
230 1667 399 1719 temple,
436 1666 506 1705 des
536 1666 664 1703 meres
696 1664 763 1715 qui
796 1663 1119 1703 abandonnaient
1148 1664 1256 1701 leurs
1286 1663 1425 1702 enfans
1456 1665 1477 1702 a
1507 1664 1706 1716 l'hopital,

200 1737 407 1790 »pendant
447 1735 612 1787 qu’elles
652 1733 829 1773 vivaient
868 1733 966 1772 dans
1001 1733 1261 1772 l'abondance
1302 1746 1397 1772 avec
1433 1734 1522 1772 leur
1559 1734 1706 1773 second

202 1824 217 1841 1)
230 1807 351 1849 mari,
382 1805 452 1844 des
481 1804 619 1842 liasses
650 1804 699 1842 de
730 1804 867 1855 proces
897 1810 1012 1842 entre
1043 1804 1188 1860 freres,
1229 1803 1298 1842 des
1325 1810 1386 1842 tas
1416 1803 1465 1842 de
1496 1803 1706 1842 denoncia-

201 1877 336 1915 »tions
376 1874 573 1918 secretas,
614 1873 684 1911 des
719 1871 898 1910 hommes
934 1878 974 1910 et
1013 1871 1082 1910 des
1116 1871 1280 1910 semines
1319 1860 1453 1910 11111105
1483 1884 1554 1923 par
1592 1871 1705 1911 sorti-

202 1946 342 1996 >›lege,
371 1966 423 1971 —
459 1949 666 1981 sentences
698 1941 747 1980 de
772 1948 877 1980 mort
903 1954 952 1979 en
979 1940 1197 1993 effroyable
1229 1941 1431 1992 quantite,
1460 1963 1513 1970 —
1541 1947 1582 1980 et
1619 1947 1706 1980 tout

205 2014 317 2052 »cela
356 2013 483 2064 parmi
522 2012 559 2050 la
599 2011 833 2063 generation
873 2011 1036 2049 nourric
1077 2024 1146 2062 par
1180 2011 1217 2049 la
1252 2023 1396 2049 manne
1425 2011 1626 2062 mystique
1657 2011 1705 2050 de

206 2081 461 2133 »Calvin⁷).'⁷
520 2080 666 2120 Contra
707 2081 755 2119 de
791 2080 989 2119 sentiendi
1029 2079 1267 2130 dicendique
1312 2079 1498 2118 libertate
1540 2079 1708 2120 Genevis

207 2158 338 2192 actum
378 2152 492 2203 plane
531 2150 676 2194 fuisse,
716 2158 756 2189 ct
795 2150 858 2189 vel
897 2150 1137 2188 levissimam
1176 2162 1197 2187 a
1232 2148 1482 2188 Calvinistica
1527 2149 1707 2188 doctrina

208 2220 523 2264 aberrationem,
555 2227 741 2271 tanquam
773 2220 914 2270 ingens
943 2231 988 2257 ae
1014 2218 1230 2257 nefandum
1260 2218 1411 2257 crimen
1444 2218 1564 2258 fuisse
1595 2220 1706 2271 puni-

245 2432 270 2471 e)
296 2431 342 2462 Cf.
368 2439 532 2462 GABEREL.
555 2441 583 2462 ο.
600 2429 622 2462 1.
646 2428 756 2462 Places
772 2429 904 2472 justific.
929 2430 955 2461 I.
981 2429 1033 2465 77.
1058 2430 1088 2460 et
1111 2430 1280 2461 STiiHELIN.
1304 2428 1368 2462 0.1,
1391 2439 1422 2470 p.
1448 2429 1511 2461 334
1535 2440 1579 2472 sq.

243 2485 268 2525 7)
294 2487 458 2527 chuntur
481 2485 556 2516 haee
583 2484 678 2516 verba
709 2485 792 2527 apud
819 2494 975 2524 GALIFFE,
1007 2485 1135 2517 Notices
1162 2483 1413 2527 Ge'ne'aloyiques.
1441 2485 1475 2516 in
1497 2486 1592 2527 praef.
1618 2486 1704 2520 Tom.

208 2541 271 2573 ΙΠ.
295 2551 325 2582 p.
352 2542 402 2573 15.
442 2540 503 2571 Suo
535 2540 625 2572 modo
653 2539 786 2581 explicat
817 2550 852 2570 ea
882 2540 1008 2571 Calvini
1038 2539 1239 2581 panegyrista
1269 2548 1394 2571 HENRY.
1424 2539 1489 2573 ο.1.
1518 2541 1563 2573 ΙΙ.
1591 2542 1642 2576 78.
1672 2542 1707 2574 in

210 2598 300 2635 nota,
325 2598 356 2627 ct
382 2596 444 2627 rite
471 2596 650 2627 aestimavit
675 2605 773 2627 DYER.
801 2606 829 2627 0.
847 2595 869 2627 1.
897 2607 926 2638 p.
952 2596 1025 2628 153.
1064 2596 1260 2636 Exaggerare
1283 2605 1354 2626 cum
1383 2595 1530 2633 subinde,
1555 2598 1585 2627 et
1611 2597 1705 2628 resor-

208 2651 339 2683 matoris
371 2650 533 2682 historiam
570 2661 632 2681 non
663 2650 728 2680 sine
758 2650 896 2692 partium
931 2651 1036 2682 studio
1070 2650 1245 2692 scripsisse,
1283 2650 1508 2681 demonstravit
1541 2660 1703 2684 GABEREL.

209 2708 271 2738 Les
294 2703 472 2737 mattsrz'aux
498 2705 684 2747 historiques
707 2705 745 2736 de
769 2706 814 2737 M.
844 2706 975 2748 Galq'ffe,
1007 2716 1033 2738 0.
1051 2705 1072 2737 1.
1096 2704 1201 2737 Pieccs
1226 2705 1328 2745 justif.
1354 2706 1380 2737 I.
1406 2717 1434 2748 p.
1459 2706 1534 2739 162.
1569 2705 1633 2736 Ubi
1661 2708 1707 2737 ta·
1728 2713 1733 2718 '

207 2770 278 2791 men
303 2759 342 2790 ad
372 2770 419 2790 res
448 2760 482 2791 in
507 2760 588 2791 facto
615 2759 732 2801 positas
759 2770 815 2790 nos
842 2759 978 2801 relegat,
1002 2771 1094 2792 suum
1121 2759 1241 2802 pondus
1263 2759 1325 2790 sibi
1352 2760 1513 2792 vindicant
1534 2760 1628 2792 verba
1652 2760 1707 2791 Ga-

206 2815 294 2854 111111,
325 2816 395 2857 qui,
425 2817 460 2846 ut
494 2815 559 2856 ipse
593 2815 710 2846 fatetur
743 2824 912 2846 GABEREL:
952 2816 1089 2853 „durant
1123 2815 1201 2846 seizc
1233 2826 1286 2847 ans
1322 2826 1360 2846 en
1392 2816 1440 2855 (cle
1473 2825 1529 2847 nos
1563 2815 1704 2847 archives

206 2869 417 2910 „nationales)
443 2879 460 2900 a
483 2868 630 2901 de‘chiffr5
647 2869 693 2901 105
714 2868 812 2911 pieces
828 2870 972 2912 antiques
990 2881 1062 2911 avec
1083 2881 1143 2902 une
1161 2881 1230 2902 rare
1252 2868 1504 2913 perseveranee.''
1530 2870 1577 2902 Of.
1602 2879 1706 2903 HAAG.

203 2937 230 2959 o.
247 2925 269 2959 l.
293 2935 323 2967 p.
349 2925 438 2958 123³.
455 2966 460 2970 ἢ
1147 2924 1150 2928 ’
1250 2925 1252 2927 ’
