1879 3239
852 85 902 124 45

1117 218 1140 235 ’'
1199 217 1391 256 »Verbum
1424 219 1522 257 adeo
1553 220 1622 260 Dei

134 235 276 261 »suum
316 220 552 260 testificatur
590 218 765 270 legitima
805 218 1047 256 authoritate
1073 217 1111 270 2).

133 296 322 342 »praeeat
346 295 518 340 oportet,
549 286 653 338 quod
679 293 968 324 sacramentum
995 298 1080 324 esse
1105 293 1393 324 sacramentum
1421 288 1537 326 saciat
1555 288 1622 342 8),”

132 366 359 412 propterea,
398 357 502 409 quod
556 369 634 395 »ne
682 368 817 394 omnes
859 356 1018 406 quidem
1058 354 1240 393 homines
1281 356 1320 393 in
1351 368 1474 394 unum
1505 358 1623 396 simul

109 428 286 468 ,neeacti
316 426 416 466 nihil
447 440 466 464 a
497 438 536 465 se
566 425 742 477 polliceri
772 424 820 462 dc
851 424 978 462 salute
1008 424 1122 463 nobis
1151 431 1333 476 pessunt;
1375 437 1469 476 ergo
1499 438 1572 464 nec
1602 439 1623 464 a

133 515 148 532 >³
162 510 201 536 se
232 497 350 535 edere
382 503 450 535 aut
480 496 634 547 erigere
660 502 904 533 sacramenta
932 493 996 547 4).”
1024 517 1077 523 -
1106 495 1159 532 20.
1191 493 1377 546 Definitio.
1407 518 1459 523 —-
1489 495 1623 534 »Haec

132 585 146 601 n
161 567 326 618 simplex
356 573 396 604 et
426 565 581 617 propria
612 564 688 602 erit
718 563 920 607 definitio,
959 564 991 602 si
1021 563 1259 608 dixerimus,
1298 571 1507 603 externum
1539 577 1622 604 esse

132 653 146 670 »
160 635 403 688 symbolum,
434 647 512 686 que
542 633 843 672 benevolentiae
873 645 966 684 erga
996 645 1068 671 nos
1097 645 1190 671 suae
1221 633 1499 684 promissiones
1533 647 1624 673 con-

130 705 331 744 »scientiis
360 705 506 743 nostris
536 703 726 741 Dominus
755 702 958 754 obsignat,
998 702 1046 740 ad
1086 702 1386 741 sustentandem
1426 703 1519 741 fidei
1550 716 1619 742 no-

131 781 264 813 »strae
303 773 613 812 imbecillitatem
653 779 692 810 et
732 783 802 809 nos
841 771 1012 810 vicissim
1051 771 1240 823 pietatem
1280 785 1372 824 erga
1413 771 1514 811 Eum
1553 785 1622 812 no·
1678 820 1689 828 .,

131 861 146 879 »
160 851 302 888 stram,
338 850 417 882 tam
453 854 583 880 ceram
624 840 679 879 Ee
719 848 759 879 et
797 841 968 892 angelis,
1007 853 1123 891 quam
1160 841 1263 892 apud
1293 841 1474 880 homines
1504 848 1622 880 testa-

131 926 249 952 »mur
275 912 338 966 ⁵).''
387 911 709 950 »Sacramentum
737 911 909 961 sigillum
936 909 1047 948 verbi
1073 916 1153 954 est,
1183 909 1408 960 symbolum
1433 911 1621 956 foederis,

131 982 253 1020 »fidei
292 983 493 1025 celmnna,
533 980 697 1019 verbum
737 978 912 1021 visibile,
952 979 1107 1029 specula
1148 978 1320 1029 denique
1361 981 1512 1031 gratiae
1552 980 1622 1019 Dei

130 1068 146 1085 ι)
159 1052 389 1090 divitiarum
413 1050 478 1103 ⁶).’'
507 1072 560 1077 -
588 1049 642 1086 3⁰.
678 1048 772 1093 Quot
797 1046 872 1084 sint
896 1048 1081 1085 numero?
1110 1069 1163 1076 —
1192 1046 1303 1086 »Duo
1328 1054 1485 1087 tantum
1509 1050 1623 1088 nobis

131 1134 180 1159 »a
223 1120 376 1160 Christo
419 1131 502 1157 esse
547 1117 821 1156 commendata
866 1123 1111 1155 sacramenta
1155 1123 1266 1156 extra
1311 1120 1622 1158 controversiam

130 1207 145 1224 »
159 1196 217 1228 est
242 1189 318 1242 ⁷),’'
358 1188 535 1238 adeoque
580 1192 768 1238 »praeter
796 1185 893 1224 haec
924 1186 1004 1224 duo
1035 1185 1277 1238 Baptismum
1304 1194 1344 1226 et
1370 1200 1397 1226 s.
1431 1187 1623 1231 Coenam,

128 1258 382 1297 »ut‘nullum
414 1257 520 1295 aliud
551 1269 570 1294 a
600 1254 680 1294 Dee
710 1256 941 1294 institutum
971 1256 1044 1299 sit,
1074 1256 1129 1294 ita
1160 1269 1233 1295 nec
1258 1257 1382 1295 ullum
1409 1270 1623 1309 agnoscere

85 1364 88 1366 ,
125 1327 274 1367 »debet
305 1326 482 1365 fidelium
506 1324 680 1364 Ecclesia
705 1325 770 1377 ⁸).'’
813 1323 1055 1363 Nominatim
1080 1326 1121 1363 in
1148 1324 1494 1366 Sacramentorum
1520 1328 1622 1367 serie

123 1397 243 1435 litura
268 1396 533 1434 inducuntur:
563 1395 812 1434 confirmatio
828 1395 880 1448 ⁹),
909 1395 1130 1447 penitentia
1148 1395 1212 1449 ¹⁰),
1242 1397 1381 1435 ultima
1407 1398 1544 1436 unctio
1562 1397 1623 1451 ¹¹),

125 1466 323 1504 ordinatio
350 1466 417 1518 12).
456 1465 753 1503 matrimonium
781 1464 835 1517 13).
874 1488 927 1493 -
964 1466 1019 1503 40.
1061 1464 1292 1511 Quibusnam
1326 1466 1502 1517 partibus
1540 1479 1622 1506 con-

125 1536 246 1573 stent?
276 1557 328 1563 -
357 1533 548 1572 »Constat
587 1540 876 1572 sacramentum
917 1534 1039 1573 verbo
1078 1541 1118 1573 et
1157 1535 1270 1587 signo
1298 1535 1388 1589 14),”’
1422 1537 1504 1576 sive
1548 1550 1620 1576 »re

437 1603 458 1616 ἲ)

125 1609 194 1641 »et
223 1602 351 1654 figura
378 1603 433 1654 ¹⁵).
514 1601 687 1641 Verbum
726 1603 966 1654 requiritur,
1006 1610 1050 1642 ut
1085 1604 1196 1654 quasi
1230 1605 1532 1656 promissionem
1561 1619 1621 1646 re-

125 1679 370 1723 praesentet;
416 1685 659 1724 ”numquam
703 1672 809 1711 enim
848 1672 932 1711 sine
958 1680 1174 1724 praeeunte
1200 1675 1460 1724 promissione
1495 1688 1620 1715 sacra-

125 1747 331 1780 »mentum
371 1753 456 1779 esse
486 1740 737 1793 potest16),''
778 1741 839 1778 cui
879 1741 1058 1793 signum,
1103 1749 1320 1794 »tanquam
1361 1744 1618 1795 appendicem

124 1809 314 1860 »adiungi
355 1809 554 1853 videmus,
593 1822 639 1847 co
679 1808 779 1853 fine,
817 1816 862 1847 ut
892 1810 1192 1861 promissionem
1228 1811 1359 1864 ipsam·
1391 1813 1618 1860 confirmet,

121 1885 267 1929 »atque
312 1877 517 1929 obsignet,
559 1877 674 1916 nobis
718 1878 988 1923 testatiorem,
1032 1879 1110 1918 ime
1154 1887 1279 1920 ratam
1325 1882 1618 1933 quodammode

172 2035 197 2075 2)
222 2036 301 2067 Inst.
325 2036 380 2068 IV.
406 2037 457 2069 19.
488 2037 517 2069 2.
549 2037 586 2068 cs.
615 2037 703 2080 Oonf.
724 2038 787 2080 fid.
811 2049 841 2070 n.
866 2038 949 2070 Eccl.
977 2039 1058 2072 Gall.
1083 2039 1171 2073 Tem.
1196 2040 1270 2073 IXb.
1294 2052 1325 2084 p.
1351 2042 1441 2076 2552..
1466 2044 1531 2077 sive
1557 2045 1611 2078 ubi

119 2088 212 2121 ctiam
235 2091 381 2124 occurrit.
406 2092 492 2124 Tem.
517 2091 609 2125 VIII.
634 2103 664 2134 p.
690 2093 741 2124 95.

172 2147 198 2187 ³)
222 2147 302 2178 Inst.
327 2146 380 2179 IV.
407 2148 458 2179 19.
484 2148 512 2179 2.

169 2201 195 2240 4)
218 2202 298 2234 Inst.
323 2201 377 2234 IV.
404 2203 454 2234 18.
479 2203 531 2235 19.
555 2203 593 2235 cf.
621 2204 689 2235 Cat.
718 2205 793 2235 Gen.
818 2203 905 2236 Tom.
929 2204 1022 2236 VIII.
1047 2206 1116 2239 2911.
1252 2207 1276 2247 5)
1301 2208 1381 2240 Inst.
1406 2208 1462 2242 IV.
1488 2210 1538 2243 14.
1565 2211 1595 2243 1.

169 2257 194 2296 ⁶)
219 2257 297 2289 Inst.
327 2256 382 2288 IV.
416 2257 467 2288 14.
499 2258 533 2296 5,
566 2258 594 2290 6.
624 2259 662 2290 cf.
691 2258 730 2289 de
771 2269 844 2290 vera
866 2260 1016 2302 partieip.
1050 2261 1168 2293 Christi
1196 2262 1230 2293 in
1263 2263 1375 2294 Coena.
1404 2262 1491 2297 Tem.
1516 2264 1610 2299 VIII.

118 2310 206 2345 741³.
240 2312 327 2354 Conf.
347 2312 408 2354 fid.
439 2324 468 2344 n.
493 2314 577 2345 Eecl.
606 2313 687 2345 Gall.
711 2314 798 2345 Tem.
823 2314 915 2346 VIII.
951 2315 1019 2349 95b.
1050 2318 1115 2349 sive
1138 2317 1225 2351 Tem.
1252 2316 1327 2350 IXb.
1358 2317 1449 2351 254b.
1479 2320 1552 2354 Ant.
1576 2322 1610 2354 in

117 2366 199 2399 decr.
225 2368 311 2399 Cone.
329 2367 422 2410 =Trid.
445 2369 521 2400 Sess.
549 2368 622 2401 VII.
646 2369 733 2401 Tem.
758 2368 850 2403 VIII.
877 2370 965 2404 256³.

168 2421 193 2461 7)
224 2423 304 2454 Vera
325 2423 407 2455 Eccl.
429 2424 489 2465 ref.
513 2426 574 2456 rat.
599 2425 684 2456 Tom.
709 2425 802 2458 VIII.
828 2425 919 2459 28112.

168 2475 193 2515 8)
219 2477 296 2509 Inst.
321 2478 375 2510 IV.
401 2479 451 2512 18.
477 2479 527 2511 19.
551 2480 625 2511 Ant.
649 2480 682 2511 in
706 2480 787 2513 decr.
815 2482 905 2513 Cone.
933 2482 1016 2514 Trid.
1041 2482 1127 2515 Tem.
1152 2483 1243 2517 VIII.
1269 2485 1359 2516 284³.

169 2531 192 2571 ss)
219 2533 297 2565 Inst.
321 2533 376 2565 IV.
402 2534 452 2566 19.
477 2535 595 2566 4—13.
626 2536 707 2567 Vera
730 2536 812 2567 Eecl.
834 2537 894 2579 ref.
918 2540 979 2569 rat.
1004 2538 1090 2571 Tem.
1120 2539 1208 2571 VIII.
1233 2540 1325 2571 284³.

154 2585 193 2626 ¹⁰)
218 2587 296 2618 Just.
321 2587 376 2620 IV.
400 2589 451 2621 19.
476 2590 533 2626 14,
558 2590 617 2628 15,
647 2590 698 2622 16.
729 2591 809 2622 Vera
833 2591 914 2623 Eccl.
938 2593 997 2634 ref.
1021 2596 1083 2625 rat.
1107 2593 1193 2625 Tem.
1217 2594 1310 2626 VIII.
1335 2594 1431 2626 285³..

153 2641 192 2682 ¹¹)
218 2643 297 2674 Itest.
328 2643 382 2675 IV.
416 2644 466 2676 19.
502 2645 640 2677 18—21.
675 2647 786 2677 Pomm.
818 2646 862 2677 ad
890 2647 955 2679 Iac.
980 2647 1017 2680 V.
1054 2649 1104 2680 14.
1141 2649 1189 2681 De
1208 2648 1283 2692 scay.
1318 2649 1388 2691 z'mp.
1419 2649 1466 2683 ill.
1496 2650 1605 2682 sacris.

112 2695 198 2728 Tom.
223 2697 316 2730 VIII.
341 2699 524 2731 409—423.
555 2701 635 2732 Vera
659 2701 740 2733 Eccl.
765 2702 826 2743 ref.
849 2705 910 2735 rat.
936 2702 978 2735 ib.
1003 2703 1093 2735 285³.

57 2781 62 2785 ,
151 2753 190 2793 ¹2)
218 2754 294 2784 [nst.
319 2753 373 2786 IV.
400 2754 450 2785 19.
475 2753 615 2786 22—34.
647 2755 728 2787 Vera
752 2756 832 2788 Eece..
857 2757 916 2799 ref.
940 2759 1001 2789 rat.
1026 2757 1112 2790 Tem.
1137 2757 1230 2790 VIII.
1254 2768 1284 2800 p.
1311 2758 1400 2791 2860.

81 2813 84 2815 ’
149 2807 190 2848 ¹3)
216 2809 293 2839 lust.
317 2807 370 2840 IV.
396 2809 447 2841 19.
475 2808 614 2844 34—37.
645 2810 725 2841 Vera
748 2811 829 2842 Eccl.
854 2811 914 2854 ref.
937 2815 999 2845 ναί.
1024 2811 1110 2844 Tem.
1135 2812 1227 2846 VIII.
1254 2812 1345 2846 288b.

149 2862 191 2902 ¹4)
216 2863 294 2894 [πεί.
318 2862 372 2896 IV.
398 2864 450 2896 14.
473 2865 504 2895 4.
531 2864 638 2898 Comm.
662 2865 708 2896 ad
728 2866 814 2898 Rom.
839 2866 893 2900 IV.
918 2868 970 2900 11.

149 2916 189 2958 ¹⁵)
213 2917 292 2952 Inst.
317 2917 371 2951 IV.
397 2918 449 2952 14.
473 2918 525 2950 15.
660 2919 700 2962 ιδ)
726 2921 806 2953 Inst-
829 2920 885 2955 IV.
909 2921 961 2956 14.
987 2922 1006 2955 3
1030 2925 1061 2955 et
1084 2922 1140 2957 IV.
1165 2923 1216 2956 18.
1243 2923 1294 2957 19.
