1849 3239
786 113 836 152 99

71 251 199 302 Itaque
244 252 387 288 natura
435 259 504 287 sua
538 246 845 286 institutum
884 250 937 284 est
975 243 1186 284 hominibus
1219 241 1450 280 extrinsecus
1491 240 1559 280 im·

70 318 249 372 positum,
297 317 404 356 cuius
448 316 600 356 unicum
637 314 925 366 fundamentum
963 318 1017 352 est
1053 311 1225 352 sublimis
1261 311 1334 349 illa
1370 309 1559 353 doctrina,

72 398 182 441 quam
209 397 234 425 a
261 385 377 425 Mosis
405 386 493 425 inde
520 391 680 437 tempore
707 397 821 436 usque
849 384 899 422 ad
931 382 1072 422 Christi
1099 380 1394 433 apparitionem,
1433 384 1466 418 et
1492 391 1562 430 per

72 457 194 508 ipsum
234 455 408 507 deinceps
453 453 642 494 Christum
685 454 833 505 eiusque
875 452 1068 503 Apostolos
1109 450 1276 490 revelare
1317 448 1424 488 nobis
1461 447 1562 486 Deus

73 524 251 575 dignatus
293 529 366 570 est,
405 536 588 576 quaeque,
626 522 740 561 veluti
775 521 926 573 qratiae
965 521 1187 564 thesaurus,
1225 518 1267 557 in
1304 531 1332 557 s.
1373 516 1562 568 scriptura

73 593 242 645 deposita
293 599 357 633 est.
429 593 500 632 Est
549 594 616 631 hoc
658 591 870 631 institutum
913 591 1233 635 doctrinale,
1276 593 1459 640 quatenus
1497 586 1565 625 hoc

75 663 146 703 sibi
173 663 395 702 mandatum
425 662 534 701 habet
563 661 744 713 officium,
782 665 823 699 ut
852 671 876 699 a
905 660 980 699 Deo
1009 659 1060 698 ad
1090 659 1248 698 salutem
1272 654 1567 709 praedestinatis

75 731 204 771 divina
231 731 414 782 mysteria
443 730 620 782 emplicet,
654 730 902 782 persuadeat,
940 728 1056 768 menti
1084 728 1220 780 insiqat
1249 731 1358 779 atque
1386 725 1567 769 inculcet,

76 806 186 853 atque
215 801 307 840 adeo
337 807 425 840 tunc
453 801 600 839 demum
623 800 833 851 perfectum
862 799 934 838 erit
963 803 996 837 et
1025 797 1257 842 absolutum,
1287 807 1398 848 quum
1421 792 1570 834 reiectis

76 871 208 910 ceteris
244 870 542 922 reprobatisque,
578 882 702 908 omnes
730 869 801 908 Dei
829 868 934 908 electi
963 868 1131 907 divinam
1157 865 1390 909 doctrinam,
1423 862 1571 915 Spiritu

79 940 240 978 simulet
256 934 430 979 Ecclesia
445 944 640 990 operante,
660 938 893 990 perceperint
909 942 1018 988 atque
1042 936 1265 975 inconcussa
1280 934 1354 986 fide
1369 936 1478 972 erunt
1494 943 1570 970 am-

75 1009 191 1061 pleoei.
251 1008 334 1047 Una
373 1008 465 1047 haec
503 1006 676 1046 Ecclesia
705 1010 757 1045 est
785 1005 960 1044 unanimi
988 1003 1183 1042 doctrinae
1211 1013 1411 1045 consensu,
1442 1011 1572 1051 perpe·

81 1084 166 1124 tua,
205 1091 316 1130 quum
354 1077 454 1117 Deus
491 1089 572 1115 eam
611 1066 835 1119 conservat,
862 1074 911 1112 ad
941 1072 1178 1112 sanctitatem
1207 1070 1380 1114 tendens,
1419 1068 1576 1120 denique

80 1148 128 1187 ab
158 1160 286 1186 errore
321 1159 439 1186 vacua
477 1144 747 1198 (infallibilis),
785 1143 1009 1195 inquantum
1047 1140 1169 1180 sancti
1206 1139 1373 1191 Spiritus
1407 1149 1576 1188 orqanon

81 1216 211 1255 divina
243 1216 363 1267 pollet
398 1215 639 1259 auctoritate,
678 1212 875 1252 dummodo
913 1212 984 1251 Dei
1011 1211 1118 1250 verbo
1148 1209 1365 1248 adhaereat.
1423 1207 1578 1246 Praeest

83 1286 116 1324 ei
157 1285 329 1324 Christus
358 1283 540 1323 Dominus
569 1287 714 1327 noster,
753 1282 817 1334 qui
850 1282 947 1332 rcqit
976 1292 1075 1325 eam,
1101 1280 1198 1330 fovet
1226 1282 1335 1330 atque
1362 1275 1577 1319 illuminat,

79 1350 150 1393 'sub
179 1354 285 1393 cuius
308 1353 465 1405 imperio
489 1353 530 1392 in
555 1351 741 1403 duplicem
764 1350 947 1390 dividitur
971 1349 1160 1393 ordinem,
1190 1359 1347 1400 quorum
1371 1346 1472 1384 docet
1498 1344 1580 1389 hic,

83 1424 233 1463 docetur
257 1423 344 1468 ille,
373 1435 463 1475 quos
487 1421 586 1461 inter
609 1421 701 1459 adeo
725 1431 769 1458 ea
793 1419 989 1458 intercedit
1013 1418 1169 1462 relatio,
1199 1429 1273 1469 qua
1298 1428 1379 1455 cum
1399 1414 1581 1466 maqistro

84 1492 264 1544 discipuli
302 1491 489 1531 coniuncti
523 1503 600 1529 esse
635 1490 762 1528 solent.
819 1488 1083 1527 Ministrorum
1121 1486 1248 1525 ordini
1282 1484 1474 1524 doctrinae
1504 1482 1580 1521 the-

88 1573 244 1619 saurum
282 1561 463 1600 commisit
492 1560 611 1604 Deus,
651 1571 757 1611 quem
784 1557 1068 1609 religiosissime
1093 1559 1380 1608 perscrutentur
1411 1552 1472 1592 Do
1485 1558 1529 1591 ct
1542 1563 1579 1590 o-

89 1643 189 1673 res,
229 1629 475 1669 Pastores
513 1633 643 1667 contra
683 1628 722 1666 in
755 1627 885 1666 divina
915 1638 984 1666 sua
1009 1626 1179 1678 potentia
1208 1637 1252 1663 ac
1281 1624 1417 1663 virtute
1442 1620 1581 1673 populo

89 1699 322 1738 annuntient.
393 1698 504 1736 Dedit
542 1697 674 1736 iisdem
712 1700 1031 1735 sacramentorum
1070 1692 1458 1736 administrationem,
1498 1703 1583 1743 quo-

89 1780 174 1806 rum
198 1781 269 1806 usu
295 1767 492 1805 electorum
518 1778 580 1804 cor
609 1766 683 1818 fide
706 1765 874 1816 penitius
902 1765 1142 1803 imbueretur.
1199 1762 1311 1801 Dedit
1340 1773 1480 1813 quoque
1509 1759 1585 1798 cla-

87 1836 187 1875 vium
226 1840 464 1887 potestatem,
508 1846 582 1886 qua
624 1834 717 1884 fhilti
758 1847 826 1884 per
867 1833 993 1872 varios
1031 1832 1257 1883 disciplinae
1295 1822 1586 1869 Ecclesiasticus

85 1905 249 1954 9radus,
283 1903 492 1942 doctrinam
522 1902 594 1941 sibi
623 1902 857 1941 commissam
886 1914 910 1940 a
934 1901 1206 1953 profanatione
1235 1903 1431 1945 tueantur,
1461 1902 1494 1937 et
1522 1897 1588 1937 ubi

86 1985 147 2011 res
180 1972 220 2010 id
258 1972 313 2010 ita
349 1972 531 2024 postulet,
570 1971 620 2010 ad
658 1972 770 2023 fidem
809 1971 842 2010 ei
866 1971 1142 2022 praestandam
1169 1969 1205 2009 vi
1232 1969 1399 2008 homines
1428 1967 1586 2007 obstrin-

87 2046 190 2093 qant.
252 2041 392 2088 Quodsi
429 2053 476 2079 ne
509 2040 566 2080 vel
604 2040 658 2079 sic
697 2045 821 2079 tamen
846 2051 1025 2091 perversa
1054 2039 1178 2078 cordis
1206 2038 1366 2077 durities
1395 2037 1588 2088 confrinqi

85 2115 225 2162 potest,
266 2099 527 2162 maqistratus'
551 2113 703 2161 praesto
742 2113 814 2153 est,
858 2108 922 2161 qui
960 2108 1090 2147 divina
1128 2107 1350 2146 auctoritate
1388 2106 1588 2146 dominans

89 2179 285 2218 Ecclesiae
323 2179 513 2218 auxilium
544 2179 648 2230 serre
686 2178 811 2223 dehet,
858 2182 892 2216 et
929 2178 1051 2229 qladii
1090 2177 1161 2216 sibi
1199 2176 1385 2216 commissi
1413 2176 1496 2215 iure
1521 2180 1588 2215 aut

91 2249 244 2288 domare
287 2252 538 2287 contumacem
576 2252 610 2286 et
648 2258 895 2298 compescere,
935 2251 1001 2285 aut
1038 2245 1171 2284 mortis
1204 2256 1327 2297 poena
1374 2245 1590 2296 infringere

91 2318 301 2369 nefandam
325 2316 588 2367 pervicaciam.
646 2316 757 2354 Plebs
787 2319 918 2354 contra
949 2315 1129 2354 submisso
1159 2326 1204 2353 ac
1233 2314 1348 2353 docili
1376 2315 1501 2355 animo
1526 2315 1590 2353 do-

93 2387 169 2425 ceri
196 2399 236 2426 se
261 2386 437 2437 patiatur
466 2391 500 2425 et
527 2385 630 2425 verbi
658 2385 778 2424 (livini
805 2385 1000 2424 ministros
1038 2396 1182 2424 summa
1213 2385 1450 2424 veneratione
1484 2389 1594 2437 atque

94 2456 330 2495 observantia
355 2460 625 2507 prosequatur,
654 2454 774 2506 iisque
797 2454 842 2492 de
867 2454 1023 2494 honesta
1045 2454 1190 2493 vivendi
1213 2454 1361 2494 ratione
1383 2454 1484 2494 ultro
1504 2467 1593 2507 pro-

98 2627 160 2648 una
192 2625 263 2646 cum
293 2613 540 2645 Romanensibus
574 2613 739 2651 Calvinus,
770 2615 924 2656 superstes
953 2616 1108 2652 maneret,
1139 2613 1261 2646 etiamsi
1297 2614 1437 2646 deessent:
1468 2625 1595 2657 prorsus

98 2670 219 2708 fideles,
255 2672 286 2701 et
315 2669 360 2700 nil
392 2669 455 2700 nisi
486 2680 606 2701 merum
634 2669 818 2701 institutum
853 2669 1057 2702 inveniretur.
1104 2670 1194 2701 Hanc
1224 2680 1332 2701 revera
1369 2670 1494 2702 Calvini
1531 2681 1596 2702 esse

77 2728 230 2771 ‚mentem
257 2725 290 2756 in
318 2725 402 2756 affini
427 2724 567 2766 exemplo
592 2725 658 2766 ipse
686 2735 742 2755 nos
770 2724 858 2755 docet
886 2734 941 2766 per
970 2725 1044 2756 haec
1074 2724 1180 2757 verba:
1221 2725 1410 2767 „Quicquid
1439 2726 1596 2758 Ecclesiae

101 2780 284 2818 „ministris
312 2778 412 2811 desert
441 2779 608 2821 scriptura,
640 2780 673 2812 id
702 2783 821 2819 totum,
852 2791 914 2812 non
937 2780 1017 2822 ipsis
1043 2782 1169 2823 proprie
1195 2781 1393 2820 hominibus,
1424 2781 1478 2812 sed
1505 2780 1598 2812 mini-

103 2836 240 2875 „sterio‚
270 2834 319 2866 cui
352 2838 516 2877 praesunt,
545 2834 669 2867 datur.²’
712 2838 790 2867 Inst.
824 2835 878 2868 IV.
904 2836 933 2867 8.
959 2836 987 2868 2.
1034 2835 1098 2866 Ubi
1124 2835 1209 2866 w'des
1238 2834 1452 2867 ministerium
1483 2836 1595 2878 absque

99 2890 255 2922 ministris
277 2899 339 2920 non
362 2892 487 2920 tantum
509 2889 642 2930 cogitari
671 2900 772 2932 posse,
797 2890 849 2920 sed
870 2890 1029 2932 propriam
1056 2894 1091 2921 ac
1118 2889 1238 2932 privam
1264 2889 1361 2921 huius
1387 2889 1596 2923 institutionis

100 2943 238 2976 indolem
261 2943 444 2986 exprimere.

1423 3004 1463 3028 7·
