1879 3239
943 82 994 119 ‘18

218 219 332 258 posse
365 210 615 258 venditabat,
659 212 834 252 Ecclesia
861 216 952 266 ἁγία
995 218 1060 253 καὶ
1103 214 1279 265 ἄμωμος,
1320 215 1371 263 μή
1403 215 1546 261 ἔχουσα
1575 218 1716 254 σπῖλον

217 277 240 324 ἢ
267 279 424 328 ῥυτίδα,
455 294 572 332 quam
602 280 764 328 Paulus,
796 289 985 334 tanquam
1015 284 1154 323 idealis
1183 283 1381 322 Ecclesiae
1407 285 1624 336 perfectum
1650 298 1716 324 au-

217 354 431 397 guraverat
471 350 564 389 olim
599 350 639 389 in
670 353 1053 392 consummationem
1092 354 1271 400 dierum,
1311 353 1446 392 adesse
1475 354 1552 393 iam
1583 353 1716 392 crede-

216 413 336 455 batur
369 423 409 456 et
449 420 672 470 apparuisse
703 420 743 459 in
774 428 892 461 terra.
948 421 1037 461 Non
1076 424 1154 462 alta
1196 429 1351 461 tantum
1380 423 1590 462 fovebatur
1628 435 1716 474 spes
1763 440 1768 444 -

217 482 433 525 Ecclesiam
463 489 675 540 aliquando
705 502 847 536 unam,
884 499 1081 537 sanctam,
1117 492 1367 531 infallibilem
1396 492 1503 537 fore,
1533 492 1601 531 sed
1631 503 1716 530 esse

217 563 304 591 eam
333 562 530 601 sanctam,
560 571 644 597 0550
675 559 752 598 iam
783 573 924 606 unam,
955 574 1040 600 esse
1071 563 1149 601 iam
1173 561 1424 600 infallibilem
1450 563 1574 601 invita
1598 560 1717 600 ratio-

215 632 265 659 ne
296 621 465 664 firmiter
494 633 578 665 erat
609 628 864 669 credendum.
908 630 1091 670 Idearum
1117 638 1250 670 autem
1275 638 1442 670 naturae
1467 632 1576 682 leges
1600 642 1718 669 nemo

216 688 376 741 impune
406 694 599 747 infringit.
644 696 851 738 Exstincta
881 700 1005 751 igitur
1030 707 1070 739 et
1096 701 1286 739 suffocata
1312 700 1560 752 perfectioris
1586 700 1717 738 Eccle-

215 758 295 796 siae
326 762 566 802 conditionis
596 777 662 817 spe
689 773 808 818 atque
835 767 1116 812 incitamento,
1147 766 1383 812 Ecclesiam,
1414 779 1514 818 quae
1540 768 1717 806 nondum

213 828 429 877 perfectam
474 845 515 871 se
560 847 645 873 esse
686 836 858 888 negabat
888 838 1129 888 praefracte,
1170 844 1363 888 quantum
1393 850 1413 875 a
1446 837 1718 888 perfectitudi-

214 896 275 934 nis
313 905 419 938 meta
460 900 638 947 abesset,
678 905 775 955 quin
805 906 884 944 imo
915 906 955 944 in
986 905 1071 944 dies
1102 906 1309 944 recederet
1339 906 1484 957 magis,
1525 906 1564 943 in
1596 906 1717 957 ipsius

211 963 410 1007 Ecclesiae
454 970 739 1023 depravatione
777 975 1006 1013 luculenter
1044 982 1187 1013 natura
1227 975 1374 1014 docuit.
1434 973 1719 1013 Gravissimum

212 1035 377 1082 vulnus,
427 1040 534 1090 quod
573 1042 692 1080 celari
732 1043 884 1082 diutius
923 1056 1003 1082 non
1044 1050 1222 1095 poterat,
1267 1044 1509 1082 detexerunt
1554 1042 1716 1081 tandem

211 1103 527 1154 Reformatorcs‚
571 1118 611 1149 et
655 1113 722 1163 qui
761 1113 836 1151 sub
874 1120 1109 1151 renascente
1150 1113 1350 1164 euangelii
1390 1113 1477 1150 luce
1517 1111 1718 1164 papisticis

209 1177 468 1223 restiterunt,
508 1180 549 1217 in
589 1193 636 1218 eo
676 1182 925 1232 potissimum
965 1195 1124 1220 omnem
1164 1195 1324 1234 operam
1364 1188 1633 1226 navaverunt,
1674 1187 1720 1219 ut

208 1246 311 1284 male
346 1248 518 1286 mulcata
555 1250 716 1289 tandem
747 1251 945 1290 abiret-et
977 1252 1153 1290 omnium
1184 1252 1282 1290 risui
1312 1252 1542 1290 traderetur
1571 1245 1718 1302 pravis-

210 1315 307 1353 sima
346 1316 414 1355 1113
453 1316 652 1357 Ecclesiae
683 1320 815 1364 notio,
856 1333 932 1372 qua
962 1320 1298 1359 homuncionibus
1329 1320 1410 1358 suis
1438 1320 1574 1358 sucum
1604 1318 1720 1357 facie-

209 1383 305 1422 bant
336 1384 616 1426 Romanenses.
662 1387 944 1428 Verumtamen
979 1391 1107 1429 levius
1138 1389 1225 1429 erat
1259 1390 1447 1428 rimatum
1472 1388 1720 1432 aedificium,

210 1454 441 1501 destruere,
477 1470 595 1508 quam
625 1471 774 1497 novum
806 1460 961 1511 erigere
993 1467 1033 1498 et
1064 1467 1214 1498 sartum
1246 1466 1396 1497 tectum
1427 1470 1577 1497 curare.
1636 1457 1720 1495 Ple-

208 1524 322 1575 rique
364 1526 470 1564 inter
500 1540 568 1566 005
598 1528 653 1566 ita
683 1529 922 1567 medicinam
954 1528 1096 1567 afferre
1130 1529 1263 1567 conati
1294 1535 1408 1572 sunt,
1447 1534 1492 1565 ut
1522 1526 1720 1578 duplicem

209 1594 502 1634 constituerent
542 1595 780 1641 Ecclesiam,
820 1597 1018 1636 visibilem
1060 1604 1179 1648 atque
1210 1597 1463 1635 invisibilem.
1522 1595 1627 1633 Haec
1658 1606 1721 1632 ve-

208 1663 282 1702 luti
324 1664 529 1715 spirituale
570 1665 616 1703 iis
657 1673 743 1704 erat
782 1666 1036 1710 institutum,
1077 1667 1118 1704 111
1160 1678 1239 1717 quo
1279 1665 1380 1704 fides
1410 1671 1574 1716 regnat,
1615 1662 1723 1714 quod

211 1745 278 1771 cor
307 1732 515 1772 hominum
546 1741 587 1772 et
619 1736 797 1773 animum
827 1742 997 1787 spectat,
1028 1736 1138 1773 nulla
1169 1735 1343 1786 denique
1375 1734 1566 1785 temporis
1595 1733 1721 1771 locive

212 1801 554 1854 circumscriptum
587 1803 847 1849 definitione,
887 1804 1026 1845 idealis
1055 1804 1163 1842 illius
1193 1803 1395 1842 societatis
1424 1803 1539 1841 nobis
1569 1815 1724 1854 reprae-

213 1877 346 1909 sentat
376 1872 682 1923 cogitationem,
713 1873 826 1911 cuius
857 1873 1066 1925 splendida
1097 1873 1286 1911 sanctitas
1316 1873 1358 1910 in
1383 1871 1600 1910 Ecclesiam
1632 1871 1722 1910 visi-

214 1939 356 1984 bilem,
387 1953 460 1979 0011
490 1941 531 1979 111
562 1942 764 1993 speculum
795 1943 974 1981 nondum
1000 1942 1096 1981 satis
1119 1943 1359 1993 expolitum,
1387 1947 1723 1993 repercuteretur.

214 2007 386 2061 Egregie
426 2022 519 2048 sanc
564 2018 704 2050 contra
744 2011 1035 2056 Romanenses,
1077 2012 1154 2049 nisi
1196 2011 1301 2062 quod
1343 2011 1487 2062 partim
1522 2016 1725 2049 vetustum

217 2090 393 2118 errorem
433 2087 621 2119 excutere
661 2081 841 2119 nondum
880 2087 1116 2133 potuerunt,
1156 2081 1268 2119 etin
1298 2092 1367 2124 eo,
1408 2079 1515 2130 quod
1555 2079 1724 2118 idealem

216 2148 324 2187 illam
353 2150 601 2195 societatem,
633 2151 813 2202 quamvis
843 2151 991 2189 nostris
1022 2150 1145 2188 0011115
1166 2162 1246 2188 11011
1264 2150 1534 2201 conspicuam,
1566 2155 1724 2187 exstare

217 2224 365 2257 tamem
395 2225 436 2257 et
460 2219 602 2258 ‘adesse
638 2220 717 2258 iam
756 2233 836 2259 una
875 2233 965 2259 cum
1010 2220 1249 2259 adversariis
1293 2218 1599 2262 confiterentur,
1645 2218 1724 2256 vim

219 2299 312 2325 vere
352 2288 755 2333 vitalemEcclesiae
797 2290 992 2328 instillare
1032 2289 1195 2327 minime
1235 2289 1283 2327 iis
1314 2288 1493 2339 contigit.
1551 2287 1727 2325 ldealem

217 2355 434 2396 Ecclesiam
464 2365 621 2398 exstare
652 2360 729 2397 iam
761 2359 978 2410 adesseque
1008 2359 1050 2397 in
1079 2359 1190 2397 coelo
1221 2364 1340 2408 atque
1370 2357 1411 2395 in
1442 2357 1559 2394 terris
1586 2357 1626 2395 ct
1653 2355 1726 2394 Ro-

218 2438 448 2472 manenseS‚
481 2429 522 2468 et
552 2429 659 2467 inter
683 2427 960 2467 Protestantes
990 2429 1108 2479 longe
1139 2427 1300 2479 plurimi
1325 2426 1503 2464 unanimi
1529 2425 1726 2464 docebant

219 2507 425 2536 consensu,
485 2497 568 2536 Hoc
599 2498 706 2536 inter
736 2510 804 2536 005
835 2499 1051 2542 intererat,
1091 2496 1197 2547 quod
1232 2495 1429 2534 visibilem
1469 2507 1576 2539 eam,
1615 2502 1655 2533 et
1685 2495 1725 2532 in
1782 2509 1786 2513 ·

220 2563 422 2605 Catholica
454 2567 567 2618 quasi
599 2566 837 2619 palpabilem
868 2579 952 2605 esse
983 2565 1199 2604 Ecclesiam
1230 2565 1309 2608 illi,
1348 2564 1389 2602 111
1420 2570 1557 2602 eontra
1587 2564 1726 2615 fugere

220 2647 306 2674 eam
336 2643 593 2688 conspectum
624 2643 664 2675 ct
690 2637 816 2675 latere
848 2636 1158 2675 arbitrabantur.
1215 2633 1358 2673 Idealis
1393 2633 1592 2678 Ecclesia,
1630 2640 1727 2671 tem·

218 2705 324 2756 poris
354 2706 496 2744 saltem
527 2707 683 2745 ratione
721 2705 881 2750 habita,
920 2713 1006 2744 tum
1045 2706 1218 2755 denique
1249 2704 1399 2749 aderit,
1438 2715 1560 2754 quum
1590 2713 1731 2756 omnes

217 2775 304 2813 cius
335 2775 429 2814 socii
462 2774 609 2814 Christi
641 2775 974 2827 perfectissimum
1005 2774 1175 2813 assecuti
1206 2774 1409 2825 exemplar
1439 2773 1587 2824 absque
1619 2771 1726 2809 omni

216 2855 316 2896 ruga
356 2850 396 2882 et
431 2845 587 2883 macula
626 2845 714 2896 puri
755 2846 796 2883 in
828 2845 899 2884 Dei
935 2845 1127 2883 maiorem
1168 2844 1335 2895 gloriam
1375 2843 1553 2881 fraterno
1592 2852 1726 2879 amore

216 2919 337 2953 erunt
367 2913 591 2958 coniuncti,
616 2920 657 2953 et
689 2914 937 2955 »communis
968 2914 1093 2954 totius
1118 2913 1277 2965 generis
1306 2912 1514 2953 hominum
1543 2909 1726 2950 concilia-
