1849 3239
824 69 901 109 139

113 203 165 242 eit
205 202 283 241 »ad
309 203 431 242 totius
456 203 654 243 Ecclesiae
679 204 720 242 in
746 203 824 243 fide
841 216 934 256 erga
951 202 1152 242 Christum
1169 203 1509 242 confirmationem
1529 203 1609 256 49).”

114 271 299 316 Quamvis
338 272 463 324 igitur
500 286 620 324 grave
659 286 753 325 erga
784 272 909 312 Deum
940 272 1156 324 impietatis
1187 273 1458 312 testimonium
1490 273 1608 312 edere

112 341 139 380 ii
177 341 364 379 censendi
404 349 517 387 sunt,
556 342 623 393 qui
680 341 896 394 »Baptismi
926 354 1042 380 usum
1071 342 1317 393 legitimum,
1346 342 1440 379 dum
1471 341 1609 380 haberi

112 416 291 461 »p0test,
332 412 542 463 negligunt
576 418 695 463 atque
733 418 996 450 contemnunt
1013 411 1107 463 5ο);”
1145 412 1206 450 vel
1237 411 1292 449 sie
1324 418 1456 449 tamen
1486 410 1609 462 probe

110 479 329 518 tenendum
359 487 440 524 est,
497 493 598 519 »nos
627 492 707 518 non
738 487 818 519 tam
849 480 970 519 inseri
1000 481 1157 532 proprie
1187 479 1384 518 Ecclesiae
1415 492 1485 530 per
1515 478 1608 530 Bap-

110 564 126 581 »
141 548 321 591 tisinum,
365 562 482 600 quam
526 549 753 588 insitionem
793 557 968 588 nostram
1007 551 1161 601 potius,
1199 549 1458 601 promissione
1497 548 1610 586 nobis

111 633 126 651 »
139 617 334 662 delatam,
373 618 497 657 veluti
538 631 608 670 per
638 619 813 670 sigillum
842 618 1063 669 quoddam,
1094 619 1135 656 in
1164 617 1240 656 hoc
1270 631 1291 656 a
1321 616 1467 656 Christi
1498 617 1608 655 insti-

110 702 126 720 »
141 692 292 730 tutum,
332 686 532 739 obsignari
564 686 646 740 ⁵¹).’'
704 686 915 725 Falluntur
953 687 1076 738 igitur
1113 687 1317 739 egregrie,
1357 687 1423 738 qui
1463 699 1482 724 a
1513 685 1609 738 Bap-

108 755 214 794 tismi
245 756 587 795 administratione
615 763 818 795 aeternam
844 757 1011 795 salutem
1028 756 1202 808 pendere
1220 755 1484 800 arbitrantur,
1500 768 1608 799 nam,

109 822 170 863 »s'i
209 826 300 864 ideo
337 838 608 870 servaremur,
648 827 738 877 quia
777 826 1044 878 baptizamur,
1083 831 1279 877 quatenus
1320 825 1504 876 equidem
1540 837 1610 876 per

109 892 379 946 »Baptismum
410 895 566 934 Christo
595 895 784 948 primum,
814 902 933 947 atque
964 896 1019 934 ita
1050 895 1154 933 vitae
1185 895 1304 933 etiam
1336 901 1522 933 aeternae
1553 894 1609 931 in-

110 964 325 1009 »serimur,
359 978 451 1004 sane
491 964 711 1017 Baptismo,
741 965 781 1003 id
812 965 917 1016 quod
948 963 1018 1002 Dei
1047 965 1166 1002 solius
1197 964 1401 1015 proprium
1432 970 1510 1007 est,
1541 963 1609 1001 tri-

111 1031 351 1070 »bueremus
369 1031 450 1085 ⁵²).”

163 1102 198 1150 β.
242 1099 305 1138 De
346 1099 500 1139 Saera
539 1099 715 1138 Coena.
746 1122 798 1128 —
828 1100 880 1137 1⁰.
911 1097 1101 1151 Definitio.
1159 1097 1319 1137 »Coena
1360 1097 1515 1137 Domini
1552 1107 1611 1138 est

110 1169 287 1223 »Christi
317 1170 538 1213 institutio,
569 1169 610 1206 in
640 1180 717 1220 qua
747 1181 818 1220 per
847 1168 959 1220 panis
989 1174 1029 1206 et
1059 1168 1189 1219 poculi
1220 1167 1373 1206 Coenae
1405 1168 1610 1220 participa-

111 1239 290 1277 »tionem
333 1238 519 1277 salutaris
562 1238 685 1289 ipsius
727 1250 834 1276 mors
879 1237 1091 1276 visibiliter
1134 1249 1205 1276 suo
1246 1237 1363 1276 modo
1402 1239 1611 1276 annuntia-

74 1327 76 1329 ·
110 1323 125 1341 υ
140 1313 206 1345 tur
223 1293 309 1360 ⁵³³);”
353 1308 416 1345 vel
460 1308 602 1352 etiam,
646 1320 749 1346 »een
776 1306 1022 1359 insettinghe
1053 1305 1217 1351 Christi,
1247 1307 1460 1346 daermede
1490 1308 1530 1346 in
1562 1308 1611 1347 de

110 1393 125 1409 ν)
139 1375 283 1415 herten
323 1376 395 1415 der
433 1376 676 1428 gelouighen
711 1376 882 1428 betuygt
913 1383 963 1414 en
992 1375 1220 1427 verseghelt
1249 1376 1399 1420 werdt,
1439 1376 1487 1415 de
1517 1376 1612 1428 ghe-

111 1458 354 1498 »meynseap
384 1446 453 1485 des
478 1445 667 1485 liehaems
693 1446 795 1484 ende
820 1445 975 1484 bloedts
1001 1444 1170 1489 Christi,
1200 1446 1256 1484 als
1282 1448 1345 1496 wij
1373 1446 1441 1484 dat
1467 1446 1613 1485 broodt

112 1515 243 1554 »ende
288 1515 366 1553 den
401 1515 519 1554 kelek
554 1516 624 1554 des
664 1514 821 1553 Heeren
861 1515 1050 1567 genieten
1088 1527 1162 1554 nae
1202 1528 1276 1567 syn
1315 1515 1433 1554 beuel
1473 1515 1611 1567 inghe-

113 1585 256 1628 »st'elt‚
287 1591 346 1623 tot
377 1585 525 1637 synder
555 1584 887 1637 ghedaehtenisse
905 1584 987 1637 54).”
1016 1606 1066 1613 -
1096 1585 1150 1623 2⁰.
1185 1584 1344 1636 Siquam
1368 1585 1409 1623 in
1436 1597 1463 1623 s.
1490 1597 1613 1623 coena

113 1666 198 1692 esse
238 1653 354 1692 docet
411 1665 520 1692 »non
559 1654 745 1705 equidem
775 1666 917 1706 panem
947 1660 1016 1692 aut
1045 1654 1182 1693 vinum
1200 1654 1295 1705 55),”
1326 1654 1394 1692 sed
1452 1654 1614 1693 »distri-

114 1723 350 1762 »butionem
386 1723 509 1775 ipsam
546 1736 589 1762 ae
629 1723 975 1775 participationem
1012 1724 1123 1775 panis
1152 1724 1192 1762 in
1223 1736 1344 1763 coena
1362 1723 1448 1778 5ἱὶ).”
1478 1747 1531 1752 -
1560 1723 1613 1762 3⁰.

111 1791 335 1841 Mysterium
372 1792 472 1830 nihil
508 1793 616 1831 allud
647 1799 726 1836 est,
769 1805 886 1843 quam
943 1809 958 1826 >1
973 1805 1066 1831 vera
1097 1806 1139 1830 ae
1171 1793 1356 1832 salutaris
1384 1793 1460 1845 piis
1491 1794 1615 1832 omni-

113 1860 216 1898 »bus
253 1873 342 1899 eum
381 1860 538 1899 Christo
575 1860 744 1900 Domino
780 1862 819 1899 in
862 1873 1026 1912 corpore
1058 1873 1102 1899 ae
1132 1862 1326 1912 sanguine
1357 1862 1482 1914 ipsius
1512 1875 1615 1901 eom-

112 1930 276 1968 »munio
291 1930 382 1981 ⁵⁷).⁷'
423 1954 475 1959 —
511 1931 568 1968 40.
606 1929 780 1980 Mysterii
819 1929 1032 1981 explicatio.
1092 1929 1238 1969 »Panis
1278 1931 1418 1970 fractio
1459 1936 1618 1971 testatur

113 2012 284 2051 »eorpus
323 1998 467 2038 Christi
499 2011 570 2051 pro
600 1999 715 2038 nobis
745 1999 912 2038 fractam
943 2011 1028 2038 esse
1060 2012 1104 2037 ae
1134 2000 1174 2038 in
1205 2007 1374 2039 mortem
1405 2001 1616 2045 traditam,

114 2076 183 2107 »et
217 2068 403 2120 poculum
432 2072 590 2107 testatur
620 2069 855 2120 sanguinem
887 2067 1034 2107 Christi
1064 2069 1104 2107 in
1134 2076 1264 2108 morte
1295 2071 1418 2122 ipsius
1447 2083 1518 2122 pro
1548 2083 1616 2110 no-

113 2137 203 2176 »bis
242 2137 406 2176 effusam
445 2150 528 2176 esse
564 2138 605 2176 in
635 2138 910 2177 remissionem
940 2139 1313 2190 peecatoru1n⁵⁸)‚''
1346 2140 1400 2178 ita
1431 2141 1616 2191 quidem,

154 2313 194 2353 ⁴⁹)
221 2311 267 2344 Ib.
292 2323 324 2354 p.
350 2311 418 2345 88b.
448 2313 495 2346 Cf.
527 2315 615 2357 Conf.
630 2314 715 2357 fidei
740 2325 770 2356 p.
796 2314 847 2345 16.
878 2314 1054 2354 (HERINGA.
1080 2313 1166 2354 259.)
1192 2314 1224 2345 et
1249 2314 1362 2346 Forma
1388 2324 1426 2346 ac
1451 2317 1513 2346 rat.
1541 2316 1616 2348 min.

116 2368 213 2400 Lond.
237 2378 267 2409 p.
294 2368 356 2398 126
381 2370 412 2400 et
435 2369 507 2401 180.
643 2369 684 2409 ⁵⁰)
713 2371 818 2400 Traet.
843 2368 882 2400 de
906 2369 1044 2401 Sacram.
1069 2381 1098 2412 p.
1125 2369 1192 2400 21³.

153 2422 193 2462 51)
219 2423 277 2464 Ep.
312 2422 356 2454 ad
384 2423 578 2456 Melanchtlc.
615 2424 694 2463 (Ser.
728 2425 795 2454 ant.
827 2423 871 2454 ΙΙ.
907 2424 951 2454 12.
983 2424 1072 2463 499.)
1109 2423 1163 2454 ubi
1199 2422 1333 2454 salutem
1361 2433 1467 2455 eorum
1495 2436 1616 2467 quoque

116 2477 289 2508 infantibus
315 2476 449 2515 tribuit,
473 2478 528 2520 qui
556 2477 613 2509 sub
641 2478 751 2509 Tureis
780 2477 915 2518 degunt,
942 2478 1030 2515 „etsi
1054 2488 1116 2509 non
1140 2477 1373 2519 baptizentur.'’

154 2531 194 2571 52)
223 2533 328 2565 Tract.
352 2533 391 2564 de
416 2533 555 2565 Sacram.
580 2543 610 2574 p.
636 2531 705 2564 llb.

155 2587 195 2626 5³)
220 2587 332 2618 Forma
357 2596 395 2617 ac
417 2588 479 2617 rat.
502 2587 574 2619 min.
598 2586 696 2618 Lond.
721 2597 750 2628 p.
776 2586 850 2618 181.
876 2587 923 2618 Cf.
948 2586 991 2618 ib.
1017 2587 1090 2618 184.

155 2641 196 2681 54)
225 2641 292 2672 Cat.
310 2640 409 2673 Lond.
432 2641 503 2673 mai.
516 2652 545 2683 p.
560 2641 640 2674 102.
665 2641 738 2673 103.
756 2640 803 2672 Cf.
821 2644 926 2673 Traet.
939 2641 978 2673 de
992 2643 1130 2673 Sacram.
1145 2653 1174 2684 p.
1189 2642 1261 2680 90³,
1277 2644 1308 2673 et
1326 2642 1468 2684 impimis
1480 2654 1510 2685 p.
1530 2644 1619 2675 114³.

156 2696 196 2736 55)
221 2695 335 2727 Forma
362 2707 400 2727 ac
425 2697 508 2728 ratio
535 2697 607 2729 min.
633 2697 732 2730 Lond.
759 2707 791 2738 p.
821 2697 894 2729 204.
923 2697 970 2729 Cf.
996 2697 1038 2729 ib.
1064 2697 1248 2729 204—208.
1283 2700 1388 2731 Tract.
1416 2699 1455 2730 de
1482 2700 1620 2731 Sacram.

54 2744 80 2778 Ἴ
118 2762 149 2792 p.
175 2749 250 2790 aab,
276 2750 366 2782 1052.
500 2751 540 2791 56)
565 2752 620 2794 Ep.
645 2753 691 2784 ad
711 2753 798 2784 Ball.
827 2753 902 2788 (Ser.
927 2755 993 2784 ant.
1018 2752 1072 2784 iv.
1099 2753 1143 2783 ia.
1168 2753 1268 2792 483).

157 2804 197 2845 57)
222 2806 324 2837 Form.
348 2815 385 2837 ac
407 2808 468 2837 rat.
493 2806 566 2837 min..
590 2807 689 2838 Lond.
714 2817 744 2848 p.
774 2806 847 2837 204.
883 2806 930 2839 Cf.
960 2807 1002 2839 ib.
1034 2807 1185 2838 208—10
1213 2809 1244 2838 et
1270 2807 1457 2841 211—231.
1494 2809 1551 2850 Ep.
1581 2808 1626 2840 ad

119 2860 280 2892 Hardenb.
307 2860 384 2899 (Ser.
408 2863 474 2892 ant.
499 2859 543 2892 II.
570 2861 615 2892 52³.
641 2861 740 2901 629.).
767 2862 873 2893 Tract.
897 2872 935 2894 ac
960 2863 1097 2894 Sacram.
1121 2872 1152 2904 p.
1179 2860 1271 2893 105¹».

157 2914 197 2954 58)
223 2916 335 2948 Forma
358 2926 396 2947 ac
419 2917 480 2948 rat.
505 2915 577 2949 min.
602 2916 700 2949 Lond.
725 2926 755 2958 p.
781 2916 855 2948 181.
