1849 3239
944 111 1020 150 146

235 240 340 279 vitae
379 240 556 293 probitas
590 248 709 294 atque
744 243 955 295 integritas
984 244 1090 283 inter
1118 244 1340 288 ministros,
1371 244 1546 283 seniores
1577 256 1622 282 ac
1649 241 1730 281 dia-

237 320 356 348 conos
384 309 502 349 simul
531 322 667 350 omnes
698 311 932 352 observetur
961 319 1001 350 et
1029 313 1277 352 custodiatur
1293 312 1382 364 37).”

777 532 886 573 Bona
915 533 1193 574 Ecclesiastica.

295 651 532 703 Appendicis
556 655 641 694 loco
665 656 898 707 paucissima
924 658 1118 710 quaedam
1147 659 1196 697 de
1221 658 1335 697 bonis
1350 655 1635 695 Ecclesiastieis
1655 667 1734 693 mo-

241 720 372 759 nenda
388 729 492 762 sunt.
523 723 552 761 E
570 723 683 764 Lasci
700 738 856 778 quoque
873 729 1072 766 sententia
1089 728 1242 766 aerario
1258 726 1424 766 Ecclesia
1442 726 1634 764 destituta
1650 736 1735 762 esse

242 791 403 840 nequit,
432 798 477 830 ut
506 791 583 831 rite
614 793 811 834 obeantur
838 796 1083 842 functiones,
1119 797 1232 835 »sine
1263 796 1406 848 quibus
1436 808 1565 847 neque
1595 794 1738 847 guber-

245 860 360 899 »nari
399 868 527 907 recte,
566 875 696 915 neque
731 865 845 904 facile
875 867 1093 905 consistere
1123 872 1252 918 potest
1282 865 1455 904 Ecclesia
1471 864 1553 918 3Β).”
1608 863 1739 902 Eccle-

243 928 324 967 siae
363 930 468 969 enim
509 931 626 970 officii
664 933 704 971 id
743 946 828 973 esse
867 942 1019 980 censet,
1054 943 1103 983 ut
1140 935 1332 974 ministris
1361 947 1442 973 non
1470 941 1648 979 tantum,
1678 933 1741 972 sed

243 998 414 1038 omnibus
437 999 549 1039 etiam
574 1001 782 1042 senioribus
806 1009 914 1055 atque
938 1004 1108 1043 diaconis
1125 1004 1169 1058 ³⁹)
1199 1005 1248 1044 de
1275 1004 1442 1044 honesta
1460 1005 1564 1043 vitae
1586 1003 1740 1041 ratione

243 1069 454 1119 prospiciat
471 1070 528 1123 ¹¹⁰).
586 1070 645 1110 Ad
675 1071 890 1112 Ecclesiam
920 1086 1076 1125 quoque
1107 1075 1308 1126 pertinere
1339 1074 1435 1112 dicit
1465 1085 1629 1112 »curam
1659 1083 1740 1110 sco-

245 1137 400 1177 »larum
436 1140 739 1191 aperiendarum
770 1155 858 1181 eum
889 1143 969 1181 suis
997 1143 1284 1195 ludimagistris
1306 1142 1402 1195 4¹),''
1443 1150 1488 1181 ut
1523 1153 1742 1194 egenorum

243 1205 359 1245 liberi
385 1208 508 1259 gratis
534 1209 664 1261 aliqua
690 1212 828 1249 saltem
845 1211 1098 1253 institutione
1115 1212 1300 1251 fruantur
1317 1211 1372 1264 ¹¹²).
1417 1210 1596 1263 Denique
1612 1210 1742 1255 istius-

243 1275 351 1313 modi
390 1277 586 1316 aerarium
626 1280 866 1330 requiritur,
905 1287 949 1319 ut
986 1280 1132 1319 habeat
1166 1280 1361 1326 Ecclesia,
1391 1281 1496 1319 unde
1526 1279 1742 1333 largiendis

247 1344 512 1397 eleemosynis
541 1346 697 1398 inopiae
728 1361 946 1400 egenorum
975 1349 1185 1389 subveniat
1201 1350 1262 1402 4³).

705 1639 982 1680 CONCLUSIO
1012 1640 1205 1680 CAPITIS
1235 1640 1297 1680 III.

306 1759 432 1799 Utitur
461 1759 653 1807 Ecclesia,
692 1767 733 1801 ut
770 1765 883 1816 finem
922 1778 1029 1821 suum
1064 1769 1306 1817 assequatur,
1344 1762 1477 1802 mediis
1513 1774 1537 1801 a
1570 1761 1646 1800 Deo
1677 1761 1749 1800 sibi

252 1830 453 1875 concessis,
491 1843 605 1882 quae,
644 1832 745 1871 omni
783 1834 824 1872 in
862 1847 899 1873 se
934 1835 1137 1884 salutifera
1175 1835 1211 1874 vi
1248 1833 1446 1878 destituta,
1486 1837 1573 1871 tunc
1601 1831 1749 1869 demum

252 1901 470 1949 cooperante
509 1900 598 1951 spir.
634 1906 708 1940 scto
751 1902 1052 1955 fructificabunt,
1096 1903 1129 1942 si
1172 1903 1309 1954 absque
1351 1901 1452 1940 omni
1490 1900 1750 1952 superstitione

251 1972 360 2018 9rato
399 1969 524 2008 animo
563 1974 597 2008 et
634 1982 708 2022 qua
746 1971 846 2010 decet
885 1972 1135 2011 benevolentia
1177 1984 1201 2011 a
1246 1971 1457 2010 hominibus
1494 1969 1749 2021 recipiantur,

252 2036 342 2075 dum
370 2050 496 2077 omnes
524 2038 637 2077 simul
665 2044 857 2085 amanter,
887 2046 1068 2093 quantum
1096 2041 1137 2080 in
1166 2054 1204 2079 se
1229 2041 1341 2079 situm
1365 2045 1438 2085 est,
1468 2040 1566 2078 vires
1589 2038 1750 2089 iungant

254 2116 299 2143 ac
337 2106 561 2156 facultates,
599 2112 640 2146 ut
678 2120 759 2147 eam
797 2109 961 2160 inyressi
999 2111 1118 2154 viam,
1157 2121 1269 2162 quam
1301 2109 1523 2148 monstravit
1551 2108 1600 2147 iis
1628 2108 1749 2153 Deus,

253 2173 412 2214 intimae
454 2188 537 2215 cum
583 2176 732 2217 Christo
774 2180 1044 2218 communionis
1081 2180 1123 2218 in
1151 2179 1229 2219 [lies
1257 2179 1380 2231 maqis
1409 2180 1505 2231 fiant
1529 2178 1747 2230 participes.

258 2243 447 2284 Commisit
484 2246 602 2296 igitur
639 2247 834 2287 Ecclesiae
867 2248 968 2287 Deus
997 2249 1143 2288 verbi
1173 2249 1550 2293 ministerium,
1590 2260 1660 2299 quo
1692 2260 1749 2285 rc-

252 2313 472 2354 velationem
500 2327 608 2354 suam
635 2316 677 2355 in
709 2317 875 2363 Christo,
910 2319 1078 2370 qualem,
1104 2322 1379 2370 praeparatam
1408 2317 1500 2356 olim
1528 2329 1551 2355 a
1583 2315 1748 2367 Prophe-

255 2382 304 2421 tis
341 2388 375 2422 et
412 2384 567 2424 coelitus
608 2387 829 2437 anqclorum
865 2400 948 2426 voce
989 2388 1270 2432 denuntiatam,
1310 2386 1550 2426 tradiderunt
1579 2397 1661 2424 eam
1688 2397 1751 2423 no-

293 2560 334 2601 37)
357 2560 406 2594 Ib.
429 2572 459 2604 p.
485 2562 558 2595 525.
736 2562 777 2603 3⁵³)
801 2562 848 2596 Ib.
872 2574 903 2605 p.
929 2564 1002 2596 562.

295 2617 336 2657 ³⁹)
364 2620 433 2651 Cat.
456 2618 554 2651 Lond.
578 2618 650 2651 mai.
674 2629 704 2660 p.
729 2619 780 2651 28.
806 2618 852 2652 Cf.
875 2618 918 2651 ib.
942 2629 972 2660 p.
998 2620 1049 2651 36.

279 2672 334 2712 .‘²⁰)
359 2673 472 2704 Forma
494 2683 532 2704 ae
554 2676 615 2704 rat.
639 2673 712 2704 min.
737 2674 833 2706 Lond.
858 2685 887 2715 p.
915 2673 944 2705 λ.
969 2678 1001 2705 et
1025 2674 1099 2708 287.

294 2728 336 2768 4¹)
361 2727 407 2759 Ib.
432 2738 462 2769 p.
488 2729 540 2760 56.
565 2728 612 2760 Cf.
640 2729 706 2760 Cat.
730 2728 828 2761 Lond.
853 2730 925 2762 mai.
950 2740 981 2771 p.
1007 2729 1058 2760 28.

294 2783 334 2823 ⁴2)
360 2784 473 2815 Forma
496 2795 534 2815 ac
556 2786 618 2815 rat.
643 2784 715 2815 min.
739 2784 838 2815 Lond.
863 2794 893 2825 p.
919 2785 992 2816 106.

293 2837 334 2877 ⁴³)
362 2837 429 2869 Cat.
456 2837 554 2869 Lond.
583 2838 655 2870 mai.
683 2847 714 2878 p.
741 2837 792 2868 36.
817 2837 863 2869 Cf.
889 2838 930 2870 ib.
955 2849 984 2880 p.
1011 2838 1061 2869 28.
1090 2839 1121 2868 et
1148 2838 1182 2869 in
1206 2837 1354 2869 universo
1382 2837 1494 2868 Forma
1527 2845 1564 2867 ac
1593 2837 1655 2866 rat.
1679 2833 1752 2866 min.

253 2892 352 2924 Lond.
380 2902 410 2934 p.
439 2891 624 2925 559-571,
667 2892 924 2932 „Argumentum
957 2890 1116 2933 concionis
1150 2893 1222 2932 post
1255 2890 1402 2922 collatum
1437 2889 1472 2920 in
1499 2887 1672 2919 Ecclesiam
1700 2898 1753 2929 pu-

257 2947 400 2986 „blicam
423 2945 551 2988 aliquod
573 2944 789 2977 beneficium.'’
