1849 3239
982 97 1032 134 66

602 241 628 295 ς
659 244 693 281 6.
750 242 1008 281 Ecclesiasticz·
1036 243 1233 295 regyiminis
1258 247 1432 295 potestas.

318 362 535 402 »Consistit
574 377 618 403 ea
654 371 828 416 potestas
867 366 929 404 vel
961 365 1001 404 in
1032 366 1251 416 doctrina,
1273 367 1337 404 vel
1376 366 1416 404 in
1455 364 1753 414 iurisdictione,

265 431 357 469 »vel
395 431 435 470 in
475 432 630 483 legibus
669 433 864 477 serendis,
909 440 949 471 et
988 441 1189 485 spectatur
1219 433 1361 486 partim
1391 433 1432 471 in
1461 433 1648 485 singulis,
1688 432 1756 483 qui

265 512 281 534 5>
295 507 503 551 praesunt,
543 500 685 552 partim
721 501 761 539 in
797 501 977 540 conciliis
997 502 1071 555 1);”
1111 504 1173 542 vel
1203 503 1320 541 etiam
1341 502 1388 540 in
1417 503 1521 553 ipso,
1561 514 1640 553 quo
1669 501 1756 550 sun·

265 575 436 620 guntur,
474 569 718 614 ministerio,
757 582 846 609 nam
886 572 1075 623 quicquid
1110 571 1308 610 Ecclesiae
1372 571 1592 610 »ministris
1627 571 1758 609 desert

263 653 280 671 ³>
294 638 510 688 scriptura,
549 638 589 676 id
624 645 751 678 totum
781 652 863 678 non
892 641 986 692 ipsis
1017 642 1174 692 proprie
1204 640 1452 685 hominibus,
1488 641 1557 679 sed
1581 640 1758 678 ministe-

266 722 282 740 »
296 707 376 750 rio,
411 707 474 744 cui
509 715 718 757 praesunt,
754 708 952 761 datur2).”
1011 708 1159 754 Quodsi
1194 716 1433 761 potestatem
1464 709 1571 748 illam
1600 710 1641 748 in
1671 709 1758 747 uni-

262 786 376 814 verso
405 782 647 826 spectamus,
676 775 751 815 hoc
780 777 962 828 inprimis
992 779 1210 817 tenendum
1240 786 1325 824 est,
1356 791 1441 818 esse
1467 791 1553 817 eam
1578 778 1759 830 spiritua-

264 843 408 896 161113),
443 851 484 882 et
520 845 635 883 unice
665 846 705 883 in
738 845 936 885 Ecclesiae
966 847 1284 886 aedificationem
1316 848 1480 887 tendere
1498 848 1546 901 ¹¹);
1585 848 1759 899 pendere

265 927 280 944 »
295 910 456 965 (autem)
490 918 616 951 totam
651 927 671 952 a
702 915 898 960 clavibus,
935 928 1031 967 quas
1061 916 1241 955 Christus
1270 915 1468 955 Ecclesiae
1499 928 1592 954 suae
1623 923 1760 955 contu-

264 974 340 1018 »lit
379 981 420 1019 in
456 981 551 1020 locis
591 981 728 1022 Matth.
767 982 900 1022 XVIII.
942 985 1011 1028 18,
1046 984 1143 1024 XVI.
1185 986 1234 1024 49
1273 992 1314 1023 et
1352 984 1457 1024 lofin.
1496 983 1575 1024 XX.
1613 985 1663 1024 23
1687 985 1760 1038 5);”

262 1049 370 1088 inter
399 1062 498 1102 quos
528 1051 583 1090 sic
613 1051 940 1104 distinguendum
971 1066 1056 1093 esse
1086 1062 1223 1093 noster
1253 1055 1390 1099 docet,
1449 1062 1522 1093 »ut
1552 1055 1593 1092 in
1624 1053 1762 1093 Matth.
1809 1106 1822 1110 ¹-

265 1117 380 1157 »XVI
414 1126 455 1157 et
492 1118 597 1158 Ioan.
631 1119 700 1159 XX
729 1122 778 1160 de
808 1124 985 1174 generali
1009 1124 1221 1163 doctrinae
1252 1124 1497 1163 authoritate
1527 1131 1691 1176 agatur,
1722 1124 1763 1162 in

262 1187 433 1227 »Matth.
483 1187 606 1227 XVIII
649 1198 787 1229 contra
831 1193 892 1230 ius
937 1191 1123 1244 Synedrii
1167 1194 1208 1232 in
1252 1201 1454 1245 posterum
1498 1193 1765 1232 transferatur

264 1257 334 1296 »in
365 1256 511 1296 Christi
542 1271 704 1310 gregem
722 1260 761 1312 6).
810 1258 947 1313 Neque
978 1269 1111 1301 tamen
1156 1264 1240 1301 »sic
1270 1264 1449 1302 diversos
1479 1262 1689 1306 eos'sacst,
1720 1268 1764 1300 ut

263 1332 374 1364 »non
407 1327 575 1365 multam
609 1327 806 1367 haberent
842 1330 948 1369 inter
990 1344 1031 1370 se
1076 1331 1320 1370 affinitatem.
1379 1330 1462 1369 Hoc
1505 1332 1611 1369 enim
1655 1338 1764 1369 utro·

262 1395 412 1446 »bique
443 1396 570 1435 simile
601 1404 681 1442 est,
713 1399 820 1450 quod
837 1406 1015 1451 utraque
1041 1401 1322 1452 est'generalis
1349 1400 1594 1444 sententiae,
1625 1399 1764 1438 eadem

261 1477 448 1517 »semper
483 1466 634 1518 ligandi
673 1468 933 1520 solvendique
964 1476 1161 1521 potestas,
1200 1470 1304 1508 idem
1333 1469 1588 1513 mandatum,
1614 1469 1764 1508 ‘eadem

263 1551 278 1567 »
293 1535 503 1586 promissio
517 1536 547 1588 ⁷)
560 1536 595 1580 ,'’
648 1549 751 1576 »nec
781 1539 858 1577 alio
888 1539 1031 1578 referri
1062 1540 1231 1584 debent,
1263 1552 1379 1591 quam
1410 1540 1459 1578 ad
1489 1539 1601 1579 verbi
1631 1538 1764 1576 minis-

263 1604 440 1642 »terium
457 1604 522 1657 8).”
579 1603 710 1650 Quum
741 1607 847 1645 enim
904 1607 1033 1646 »nihil
1060 1616 1259 1647 asseverat
1284 1608 1464 1647 Christus
1489 1609 1530 1646 in
1556 1605 1765 1657 Euangelii

266 1688 283 1707 ²>
295 1673 590 1724 praedicatione
609 1673 890 1726 Apostolorum
908 1689 992 1715 esse
1009 1685 1168 1729 praeter
1185 1678 1462 1716 ministerium.
1509 1675 1557 1714 Se
1574 1687 1658 1714 esse
1675 1675 1765 1726 qui,

268 1755 371 1794 »per
400 1754 537 1781 eorum
567 1755 656 1788 ora,
682 1745 792 1784 velut
817 1758 887 1796 per
913 1759 1060 1798 organa
1081 1747 1315 1798 loqueretur
1340 1747 1470 1785 omnia
1496 1752 1536 1784 et
1562 1745 1766 1797 promitte-

270 1827 286 1845 »
300 1818 362 1850 ret
379 1811 461 1864 ⁹);”
485 1813 667 1864 sequitur
683 1815 956 1856 remissionem
974 1823 1225 1868 peccatorum
1239 1817 1271 1861 ,''
1297 1829 1414 1868 quam
1430 1817 1487 1855 illi
1504 1816 1765 1858 annuntiant,

271 1892 436 1919 »veram
474 1894 560 1920 esse
601 1881 671 1921 Dei
711 1884 1056 1934 promissionem:'’
1095 1891 1135 1923 et
1165 1886 1288 1936 ipsius
1314 1885 1465 1923 Christi
1509 1882 1767 1923 »testificatio

272 1950 493 1989 »certiores
528 1963 600 1989 nos
630 1952 785 1997 reddit,
820 1952 1029 2005 Euangelii
1060 1954 1247 1999 verbum,
1286 1967 1306 1992 a
1337 1961 1576 2005 quocunque
1606 1952 1768 1991 tandem

274 2018 463 2058 »homine
489 2020 763 2072 praedicetur,
789 2022 1025 2073 ipsissimam
1051 2022 1122 2062 Dei
1148 2037 1231 2063 esse
1253 2023 1514 2067 sententiam,
1536 2021 1640 2073 apud
1666 2032 1769 2059 sum·

275 2100 412 2127 »mum
448 2089 624 2128 tribunal
663 2091 974 2143 promulgatam,
1013 2093 1053 2131 in
1084 2093 1187 2131 libro
1217 2093 1322 2132 vitae
1351 2093 1557 2144 scriptam,
1588 2091 1629 2129 in
1660 2089 1770 2127 coelo

274 2173 290 2191 »
303 2163 450 2202 ratam,
477 2158 630 2197 firmam
653 2166 771 2211 atque
799 2160 917 2199 fixam
935 2161 1019 2213 ¹⁰).”
1059 2161 1249 2200 Ministris
1275 2162 1398 2212 igitur
1438 2160 1607 2200 »adhoc
1623 2159 1771 2198 bonum

276 2226 615 2278 »impartiendum
651 2229 781 2268 claves
815 2230 930 2269 datae
962 2231 1137 2284 sunt11),
1164 2231 1486 2282 quandoquidem
1530 2227 1772 2279 »euangelio

274 2296 566 2339 »continentur
601 2298 752 2343 omnia,
788 2312 888 2350 quae
919 2300 1033 2339 nobis
1057 2313 1128 2352 per
1154 2299 1352 2339 Ecclesiae
1382 2291 1586 2338 ministros
1615 2297 1772 2349 dispen-

276 2382 292 2399 »
306 2367 540 2421 santur12).’'
584 2366 776 2407 Versatur
801 2375 935 2407 autem
957 2381 1095 2408 eorum
1121 2376 1317 2421 potestaS,
1357 2369 1412 2407 1⁰.
1433 2367 1535 2406 circa
1550 2366 1773 2405 doctrinam.

274 2433 471 2474 Nimirum
510 2435 709 2476 Ecclesiae
736 2438 931 2477 'minister
988 2451 1095 2478 »non
1132 2439 1240 2477 aliud
1278 2437 1428 2477 habent
1463 2436 1661 2481 officium,
1699 2435 1775 2474 nisi

277 2512 352 2543 »ut
390 2505 581 2550 doceant,
621 2506 728 2557 quod
758 2508 879 2546 sacris
908 2509 1114 2561 scripturis
1143 2508 1345 2560 proditum
1375 2513 1457 2554 est,
1497 2520 1541 2546 ac
1570 2506 1775 2558 consigna·

330 2702 356 2744 ¹)
379 2704 459 2736 Inst.
485 2703 539 2738 IV.
566 2705 596 2738 8.
621 2706 652 2738 1.
786 2705 812 2746 ⁴2)
836 2706 916 2738 Inst.
941 2706 996 2739 IV.
1022 2706 1050 2737 8.
1076 2705 1105 2738 2.
1130 2705 1167 2737 cf.
1192 2704 1247 2738 IV.
1274 2705 1303 2737 8.
1328 2705 1380 2737 11.

330 2758 357 2798 3)
382 2759 462 2792 Inst.
486 2759 541 2792 IV.
568 2760 598 2791 8.
626 2760 654 2791 1.
692 2780 707 2798 n
718 2759 755 2791 de
778 2759 940 2802 spirituali
964 2762 1088 2792 tantum
1111 2759 1235 2801 loquor,
1262 2770 1339 2802 quae
1362 2759 1492 2802 propria
1515 2762 1562 2792 est
1586 2758 1778 2794 Ecclesiae.”

330 2814 356 2854 ⁴)
381 2814 429 2846 Ib.
563 2816 589 2855 5)
616 2817 694 2847 [nst.
719 2815 773 2848 IV.
800 2816 828 2847 9.
855 2816 884 2848 1.
1018 2817 1044 2855 6)
1068 2814 1148 2848 [nst.
1172 2815 1228 2847 IV.
1254 2816 1304 2848 11.
1331 2816 1360 2848 1.

331 2867 357 2909 7)
385 2870 461 2902 inst.
485 2870 540 2904 IV.
567 2872 617 2904 11.
644 2872 673 2905 2.
806 2870 833 2910 8)
859 2871 938 2903 Inst.
961 2869 1017 2910 IV,
1043 2871 1095 2904 11.
1121 2871 1150 2904 1.
1200 2880 1204 2886 ·
1285 2870 1310 2911 ⁹)
1336 2870 1383 2904 Ib.
1519 2870 1558 2912 ¹⁰)
1583 2870 1632 2904 Ib.

316 2924 359 2965 ¹¹)
385 2926 464 2958 Inst.
491 2925 547 2958 IV.
574 2927 603 2960 1.
629 2926 680 2960 22.
815 2925 855 2967 12)
882 2925 930 2959 Ib.
992 2944 996 2947 =
