1879 3239
996 111 1048 150 34

273 249 428 288 colatur
465 245 578 285 Deus.
636 244 745 290 Quae
780 244 930 288 onmia,
969 244 1042 283 etsi
1083 243 1237 282 diversa
1277 244 1403 295 primo
1434 243 1577 282 obtutu
1607 244 1765 283 videan-

273 323 359 362 tur,
397 315 518 369 probe
556 320 689 353 tamen
728 314 833 351 inter
872 325 913 351 se
952 312 1180 352 cohaerent.
1237 311 1407 351 Ultimus
1445 312 1642 352 Ecclesiae
1677 313 1767 352 finis

275 393 356 430 est,
395 392 440 425 ut
478 384 553 423 rite
592 383 745 422 colatur
784 381 899 420 Deus.
957 380 1028 420 Dei
1067 395 1160 422 vero
1191 382 1320 420 cultus
1350 382 1390 420 in
1420 394 1466 421 eo
1497 383 1694 427 consistit,
1723 389 1768 420 ut

273 455 440 496 verbum
470 452 565 492 Eius
594 452 678 490 sine
710 450 788 488 ulla
819 451 1151 502 tergiversatione
1186 452 1227 489 in
1267 463 1307 489 se
1333 452 1545 503 suscipiant
1570 451 1767 495 homines,

274 531 393 576 atque
432 521 636 561 doetrinae
672 518 797 570 Ipsius
832 519 1101 558 indubitatam
1141 527 1346 572 praestent
1384 519 1515 559 fidem.
1568 514 1604 559 'li
1644 521 1769 572 igitur

276 594 353 632 rite
384 593 543 631 demum
573 590 702 628 colere
733 587 858 628 Deum
889 589 1077 628 censendi
1108 596 1218 634 sunt,
1257 590 1324 641 qui
1355 588 1544 627 submissa
1572 589 1651 628 fide
1681 589 1769 628 doc-

274 663 418 702 trinam
458 660 584 712 Ipsius
620 658 938 710 amplectuntur,
977 671 1054 710 quo
1094 659 1211 698 simul
1246 658 1405 697 nomine
1436 664 1619 697 aeternae
1650 658 1769 697 iidem

270 729 531 772 haereditatis
559 727 657 767 fient
687 727 781 766 olim
810 728 1031 779 participes.

542 866 569 921 §
598 867 660 905 11.
718 865 1042 916 Perfectissimum
1077 864 1270 905 Ecclesiae
1305 866 1506 917 eaeemplar.

328 1007 544 1047 Ecclesiam
584 1004 781 1044 visibilem
816 1017 1033 1055 numquam
1062 1010 1343 1043 'assecuturam
1374 1016 1476 1048 esse,
1513 1016 1643 1055 neque
1673 1016 1773 1042 asse—

275 1077 342 1130 qui
381 1088 492 1129 posse
533 1074 694 1113 omniuo
725 1073 929 1111 ecclesiam
963 1073 1224 1117 invisibilem,
1255 1085 1373 1124 supra
1404 1072 1615 1111 ostendere
1645 1074 1775 1111 conati
1822 1094 1835 1100 --

274 1158 421 1186 sumus.
481 1143 629 1189 Quodsi
661 1154 756 1194 ergo
786 1142 826 1180 in
857 1140 1025 1180 ecclesia
1053 1142 1243 1180 invisibili
1272 1141 1418 1180 frustra
1444 1142 1633 1180 ecclesiae
1664 1142 1776 1180 notio

273 1215 414 1255 idealis
442 1227 463 1252 6
493 1219 628 1252 mente
659 1211 810 1250 Calvini
841 1211 1067 1262 quaeritur,
1098 1224 1178 1250 non
1209 1210 1277 1249 abs
1308 1223 1349 1248 re
1380 1210 1464 1249 sore
1496 1211 1676 1276 videtur,
1706 1209 1776 1248 Ec-

274 1285 416 1325 clesiae
447 1282 686 1335 perfeetum,
725 1280 882 1331 qualem
914 1281 1171 1332 auguraverit
1201 1293 1287 1318 eam
1318 1279 1502 1318 Calvinus
1533 1280 1777 1331 paucissimis

273 1355 315 1393 in
353 1353 433 1392 fine
470 1352 590 1390 huius
621 1349 760 1402 capitis
791 1362 1001 1401 apponere.
1058 1349 1138 1402 Iam
1169 1362 1284 1394 vero,
1315 1356 1358 1387 ut
1388 1349 1437 1387 ab
1466 1348 1542 1386 hoc
1571 1349 1776 1400 incipiam,

274 1430 384 1464 certo
423 1422 571 1461 certius
610 1420 685 1458 sibi
725 1431 955 1471 persuasum
994 1419 1167 1458 habebat
1207 1425 1364 1463 noster,
1408 1418 1521 1456 »fieri
1560 1431 1777 1469 numquam

275 1511 290 1527 n
305 1505 438 1544 posse,
482 1497 526 1529 ut
566 1488 742 1528 Ecclesia
782 1489 996 1527 intercidat
1028 1488 1091 1540 1).”
1149 1487 1346 1538 Quicquid
1385 1488 1490 1525 enim
1528 1487 1780 1526 machinetur

277 1580 292 1598 ³>
308 1561 492 1605 Satanas,
522 1568 562 1599 et
593 1558 848 1611 quantumvis
877 1558 1118 1609 multiplices
1157 1557 1294 1595 turbas
1325 1557 1501 1607 ingerat,
1531 1568 1778 1594 emersurum

276 1649 292 1667 ι)
306 1640 439 1671 tamen
478 1636 539 1669 est
577 1628 858 1680 Eumgelium,
890 1627 1015 1665 donec
1045 1639 1115 1677 per
1145 1631 1274 1664 totum
1307 1625 1443 1663 orbem
1474 1631 1685 1676 spargatur
1709 1624 1778 1676 ²).'⁷

278 1701 421 1747 »Quod
451 1707 586 1738 tamen
615 1711 665 1737 ne
696 1698 751 1736 ita
782 1697 969 1748 accipias,
973 1696 1111 1815 ³>quasi
1143 1694 1229 1733 ad>
1230 1693 1470 1745 ›Antipodas
1500 1699 1540 1731 et
1570 1693 1667 1732 alios
1692 1704 1779 1744 pro-

276 1770 370 1809 »cul
408 1773 582 1807 remotos
621 1766 785 1817 populos
825 1764 985 1815 usque³
1016 1763 1300 1802 'dilataretur
1325 1761 1517 1805 Ecclesia,
1547 1774 1637 1800 nam
1670 1773 1777 1799 »sm

282 1840 423 1892 »gulas
465 1835 605 1875 mundi
641 1835 776 1886 plagas
816 1832 994 1871 Christus
1033 1832 1258 1883 specialiter
1297 1843 1376 1869 non
1407 1830 1589 1882 designat
1610 1830 1683 1883 ¹¹),”
1712 1829 1781 1869 ubi

285 1909 400 1949 dicit:
429 1906 753 1958 κηρυχθήσεσθαι
791 1906 833 1940 τό
873 1903 1097 1953 εὐαγγέλιον
1125 1891 1176 1938 ’ἐν
1204 1903 1272 1952 ὅλῃ
1301 1900 1345 1949 τῇ
1372 1901 1575 1952 οἰκουμένῃ
1602 1904 1659 1942 εἰς
1685 1915 1777 1951 μαρ-

285 1983 420 2029 τύριον
459 1980 577 2014 πᾶσιν
606 1983 688 2016 τοῖς
718 1975 887 2011 ἔθνεσιν.
944 1970 989 2009 In
1029 1970 1173 2022 quibus
1210 1969 1342 2009 verbis
1371 1969 1445 2007 hoc
1476 1981 1632 2020 quoque
1662 1968 1784 2020 probe

287 2045 579 2088 observandum
623 2048 704 2086 est,
747 2052 827 2079 non
858 2039 936 2078 dici
979 2038 1077 2076 haec
1116 2038 1165 2077 de
1195 2037 1395 2076 ordinaria
1423 2036 1622 2076 Ecclesiae
1652 2036 1786 2075 condi-

285 2118 417 2161 tione,
461 2114 531 2153 sed
574 2111 789 2151 cohaerere
834 2108 1051 2148 arctissime
1095 2120 1184 2146 cum
1227 2106 1374 2145 Christi
1419 2111 1630 2157 παρουσίᾳ,
1668 2118 1786 2157 quam

286 2192 374 2240 post
405 2191 465 2224 tot
495 2183 614 2222 etiam
645 2180 893 2219 saeculorum
924 2178 1135 2216 decursum
1166 2175 1336 2215 firmiter
1375 2183 1507 2214 tamen
1537 2177 1578 2214 in
1607 2187 1787 2214 consum-

285 2256 461 2295 matione
492 2253 648 2292 dierum
674 2255 878 2301 exspectat
900 2247 941 2300 ⁵).
999 2245 1095 2298 Spes
1120 2258 1300 2297 quoque,
1329 2258 1446 2297 quam
1474 2245 1581 2284 intus
1606 2244 1786 2288 fovebat,

288 2333 414 2364 »tunc
457 2322 588 2362 omnia
627 2320 701 2359 sibi
740 2318 941 2356 Christum
982 2316 1255 2355 subiecturum
1294 2328 1379 2354 esse
1405 2314 1479 2368 6),”
1518 2313 1672 2352 »Deum
1702 2313 1786 2352 fore

290 2393 447 2433 »omnia
490 2392 532 2430 in
577 2386 856 2440 omnibus⁷),”
901 2398 1053 2424 »unum
1089 2396 1299 2423 evasurum
1339 2395 1424 2422 esse
1465 2383 1567 2421 ovile
1606 2382 1679 2421 sub
1708 2394 1801 2435 uno

289 2470 476 2516 »pastore
503 2460 574 2514 ⁸),'²
619 2470 699 2497 non
744 2457 800 2495 ita
845 2455 1074 2507 accipienda
1114 2461 1194 2498 est,
1238 2453 1349 2504 quasi
1388 2464 1563 2503 unquam
1602 2451 1788 2490 universa

289 2532 470 2584 gentium
509 2527 627 2567 turba
658 2532 818 2565 aeterna
851 2523 1040 2562 bearetur
1068 2523 1215 2567 salute,
1246 2522 1307 2560 vel
1339 2528 1504 2560 externa
1534 2521 1673 2559 saltem
1702 2521 1788 2573 pro-

344 2682 369 2722 l)
400 2682 480 2714 Vera
496 2681 580 2712 Eccl.
596 2679 657 2721 ref.
673 2678 766 2710 vatzo.
783 2676 871 2708 Tom.
888 2675 980 2707 V.III
996 2686 1026 2717 p.
1046 2671 1137 2708 2871).
1157 2672 1194 2704 cf.
1212 2672 1250 2703 de
1268 2672 1444 2703 Scandalis.
1464 2671 1550 2704 Tom.
1563 2669 1655 2703 VIII.
1672 2680 1701 2711 p.
1719 2665 1789 2704 74¹³.

343 2737 368 2776 2)
398 2737 509 2767 Comm.
534 2734 578 2766 ad
599 2733 717 2765 Mami.
742 2731 856 2763 XXIV.
883 2732 934 2763 14.
1068 2729 1094 2768 3)
1121 2727 1167 2759 lb
1302 2727 1327 2767 4)
1354 2726 1401 2759 Ib.

343 2790 442 2831 5.)Cf
467 2788 836 2821 Inst.11.16.17.et
869 2787 977 2818 Comm.
1006 2785 1050 2816 ad
1074 2784 1191 2816 Matth.
1216 2782 1329 2814 XXIV.
1355 2783 1413 2819 30,
1445 2782 1490 2814 ad
1518 2782 1580 2813 Ma
1611 2779 1703 2812 XIII.
1731 2779 1790 2817 32,

293 2845 337 2879 ad
362 2845 409 2877 Io.
438 2844 522 2877 XXI.
547 2844 604 2882 22,
628 2843 673 2875 ad
694 2843 775 2875 Acta
800 2841 826 2874 I.
852 2841 888 2878 6,
913 2841 957 2873 ad
981 2840 997 2871 1
1026 2840 1074 2871 Co.
1099 2837 1165 2870 XV.
1191 2838 1231 2880 26
1257 2839 1286 2869 et
1311 2837 1394 2868 adl
1420 2837 1465 2868 Io.
1491 2835 1535 2868 II.
1561 2835 1612 2867 18.

342 2900 367 2940 ⁶)
395 2900 507 2931 Comm.
532 2898 577 2929 ad
599 2899 616 2929 Ι
646 2898 696 2930 Co.
720 2895 787 2928 XV.
813 2894 864 2928 27.
999 2893 1024 2934 7)
1053 2894 1163 2926 Comm
1189 2893 1233 2925 ad
1255 2893 1272 2923 1
1303 2892 1354 2924 Co.
1377 2890 1444 2922 XV.
1468 2891 1520 2923 28.

341 2954 368 2995 ⁸)
398 2954 510 2988 Comm.
533 2952 578 2985 ad
599 2952 686 2985 Ιοιῖπ.
711 2951 748 2983 X.
776 2949 835 2990 16,
859 2948 940 2991 quod
965 2948 1003 2980 de
1026 2947 1117 2981 solis
1124 2946 1232 2979 electis
1256 2946 1376 2980 dietum
1398 2955 1463 2977 esse
1486 2944 1642 2978 exstimat.
