1849 3239
933 65 1012 105 120

671 198 698 252 §
728 199 762 238 7.
819 197 874 237 De
902 197 1095 238 Ecclesiae
1122 198 1277 238 vinculo.

276 339 396 378 Recte
436 339 536 378 vidit
574 339 595 375 ἐι
634 336 756 376 Lasco
796 335 998 375 societatis
1036 337 1240 376 cuiusdam
1278 338 1480 376 vinculum
1519 350 1599 376 non
1629 350 1732 392 esse·

223 409 266 447 in
296 415 461 446 externa
488 406 657 458 quadam
683 404 879 443 sociorum
905 406 1184 444 convenientia
1210 406 1502 457 quaerendum,
1529 407 1598 446 sed
1624 419 1718 445 vcro

223 479 264 517 in
301 476 516 529 principio,
556 474 662 512 unde
702 473 842 511 similis
877 473 998 511 animi
1027 474 1199 525 impetus
1229 473 1394 524 singulis
1424 473 1538 511 sociis
1567 475 1719 513 inditus

218 553 289 585 est.
347 543 575 584 Istiusmodi
615 547 749 581 autem
791 542 1096 581 consociationis
1131 543 1170 581 in
1218 543 1389 580 Ecclesia
1432 542 1633 584 vinculum
1677 543 1717 581 in

222 616 305 667 ipso
335 613 424 652 Iesu
454 611 609 650 Christo
639 609 951 661 deprehendisse
982 610 1055 648 sibi
1082 610 1261 655 videtur,
1292 623 1414 662 quare
1441 611 1609 649 totidem
1634 624 1719 650 ver-

222 683 283 722 bis
313 687 503 721 testatur:
561 677 772 718 »Christus
802 685 882 723 est,
914 679 981 730 qui
1012 679 1174 730 spiritus
1204 680 1264 717 sui
1295 680 1454 718 vinculo
1484 692 1555 719 nos
1584 693 1718 720 conso-

225 769 240 786 2)
255 752 352 794 ciat,
392 756 437 787 ut
478 748 633 787 omissis
674 749 821 787 nostris
851 748 1078 792 affectibus,
1109 748 1414 800 posthabitaque
1441 756 1576 788 nostra
1601 750 1718 803 (quae

221 821 358 860 »nulla
390 817 466 871 cst)
496 818 644 870 gloria,
684 818 795 856 illum
828 818 955 856 solum
986 817 1230 856 unanimiter
1259 819 1480 858 coniunctis
1511 819 1626 857 simul
1655 832 1719 858 vo-

221 907 237 925 ‚›
252 891 301 928 tis
340 890 488 927 nostris
525 887 707 927 omnibus
747 887 1037 931 collaudemus,
1079 893 1351 938 testemurque
1381 893 1515 926 nostra
1546 888 1721 940 ipsorum

222 958 533 997 „coniunctione
565 956 688 996 Deum
730 969 825 996 vero
865 969 949 995 esse
991 955 1115 995 Deum
1151 963 1332 995 nostrum
1363 963 1403 995 et
1432 970 1502 996 nos
1532 958 1721 1009 populum

221 1028 354 1067 »illius
372 1026 434 1080 ¹).’'
493 1025 567 1065 Ubi
598 1033 736 1064 contra
766 1024 982 1064 Ecclesiam
1012 1025 1085 1064 sub
1115 1025 1285 1064 aedificii
1314 1026 1486 1078 imagine
1517 1026 1590 1065 sibi
1617 1028 1720 1079 cogi-

216 1103 296 1141 tat,
328 1095 637 1135 fundamentum
667 1095 819 1146 potius,
851 1108 967 1146 quam
998 1095 1200 1133 vinculum
1231 1094 1429 1133 Ecclesiae
1455 1108 1635 1147 premere
1662 1108 1720 1134 so·

218 1167 296 1211 let,
336 1165 524 1217 quoniam
563 1164 697 1202 variae
732 1164 902 1203 aedificii
933 1171 1066 1216 partes
1097 1176 1177 1202 non
1208 1170 1288 1202 tam
1319 1171 1524 1203 caemento
1555 1178 1598 1216 ap
1628 1166 1720 1204 rcti-

216 1235 368 1275 naculis
408 1234 692 1278 continentur,
732 1246 848 1285 quam
875 1235 969 1286 ’ipso
998 1234 1130 1285 potius
1161 1233 1441 1278 fundamento,
1483 1234 1587 1285 quod
1618 1235 1649 1273 si
1679 1235 1719 1273 in

213 1304 368 1344 lubrico
409 1302 582 1354 positum
622 1302 850 1346 collabitur,
885 1310 925 1341 et
955 1303 1084 1354 ipsum
1115 1302 1339 1359 aedificium
1369 1309 1527 1342 corruat
1558 1316 1718 1342 neeesse

212 1379 283 1412 est.
341 1371 426 1412 Iam
456 1373 563 1424 quod
595 1372 751 1424 saepius
782 1373 830 1411 ad
862 1372 972 1411 Pauli
1004 1373 1130 1411 instar
1161 1372 1394 1411 confitetur:
1441 1390 1456 1407 «
1469 1371 1596 1411 Credo
1627 1373 1718 1411 Pro-

221 1442 462 1496 »phctarum
507 1448 626 1494 atque
672 1442 952 1494 Apostolorum
996 1442 1218 1480 doctrinam
1257 1455 1342 1481 esse
1382 1441 1542 1480 unicum
1582 1454 1720 1481 verum

217 1519 368 1564 »atque
410 1511 746 1551 absolutissimum
782 1512 1089 1551 fundamentum
1129 1518 1169 1550 et
1206 1511 1519 1550 stabilimentum
1551 1509 1720 1550 Catholi-

218 1595 316 1621 »cae
357 1582 557 1621 Ecclesiae
574 1581 649 1633 2),''
676 1582 782 1633 quod
840 1581 1050 1620 »Christus
1080 1582 1246 1633 ipsemet
1272 1580 1462 1619 Dominus
1487 1580 1607 1619 solam
1634 1593 1720 1620 eam

216 1651 410 1690 »unicum
440 1664 537 1690 suae
568 1650 768 1690 Ecclesiae
799 1651 1104 1690 fundamentum
1135 1657 1175 1689 et
1206 1650 1520 1689 stabilimentum
1545 1663 1628 1689 esse
1654 1663 1720 1690 vo·

218 1721 323 1767 »luit
340 1720 412 1772 3)‚'’
453 1721 501 1759 ab
536 1721 604 1766 iis,
642 1734 742 1772 quae
773 1721 814 1759 in
845 1721 960 1759 initio
990 1720 1110 1758 huius
1139 1720 1166 1773 §
1195 1720 1419 1772 posuimuS‚
1455 1732 1535 1758 non
1564 1726 1721 1758 tantum

221 1790 377 1835 differt,
418 1797 611 1842 quantum
651 1790 778 1842 primo
818 1789 1170 1829 obtutu-videtur.
1234 1788 1390 1828 Etenim
1436 1789 1616 1828 doctrina
1654 1791 1721 1828 illa

217 1859 445 1898 summatim
484 1859 584 1898 nihil
626 1859 734 1898 aliud
766 1872 850 1898 esse
882 1865 1037 1903 censet,
1095 1848 1202 1897 »dan
1232 1859 1281 1897 de
1312 1849 1512 1910 op‘enhaer
1541 1859 1720 1909 helijdin-

219 1927 326 1981 nghe
356 1941 480 1980 syner
509 1928 736 1980 lccringhe3
769 1928 973 1967 deweleke
1005 1927 1146 1966 Petrus
1175 1934 1231 1965 wt
1261 1927 1337 1966 den
1364 1940 1479 1967 name
1509 1941 1584 1966 van
1616 1928 1719 1966 allen

221 1997 466 2050 »Apostelen
520 1997 622 2036 ende
677 1997 776 2036 oock
825 1998 897 2036 der
949 1997 1169 2049 gantschcn
1214 1996 1491 2049 thmcynten
1536 1997 1718 2050 ghedaen

221 2085 236 2103 >1
250 2067 380 2112 heeft,
422 2067 525 2106 ende
560 2067 764 2105 dewelcke
796 2066 976 2105 Christus
1007 2068 1113 2105 solve
1143 2066 1342 2119 betuyght
1373 2067 1449 2105 den
1481 2067 1626 2119 grondt
1656 2080 1719 2119 zy-

223 2150 324 2176 »ner
362 2136 511 2176 kercke
544 2143 583 2175 tc
624 2148 759 2175 wesen
777 2136 855 2187 4),''
893 2160 944 2165 ——
979 2137 1042 2176 vel
1081 2137 1242 2176 brevius
1277 2136 1416 2175 etiam:
1466 2137 1566 2176 nihil
1612 2137 1719 2176 aliud

221 2207 403 2246 doctrina
434 2207 470 2245 ei
501 2207 627 2251 valet,
659 2219 775 2257 quam
806 2206 935 2258 ipsum
960 2205 1245 2258 Euangelium,
1275 2218 1354 2257 quo
1384 2206 1574 2258 intelligit
1615 2207 1719 2245 »lae-

223 2293 238 2311 »
254 2282 338 2315 tum
369 2276 555 2315 nuntium
586 2275 635 2314 de
657 2282 765 2314 certa
791 2282 1044 2327 pcccatorum
1069 2276 1302 2315 remissione
1328 2288 1397 2327 per
1413 2276 1599 2314 meritum
1618 2288 1720 2314 sum-

224 2358 361 2384 »mum
405 2345 605 2397 pontificis
649 2345 775 2383 nostri
820 2344 965 2384 Christi
1016 2345 1187 2398 Icsu⁵).⁷'
1268 2344 1387 2383 Cuius
1445 2344 1719 2397 »Euangelii'⁷

224 2427 346 2466 quum
405 2415 517 2466 »ipse
563 2414 741 2453 Christus
781 2427 920 2467 scopus
960 2421 1018 2454 est
1062 2428 1105 2454 ac
1145 2414 1234 2453 finis
1249 2414 1323 2467 6),”
1354 2414 1439 2459 ille,
1477 2415 1544 2466 qui
1589 2414 1721 2453 »basis

278 2578 303 2618 ¹)
333 2577 435 2610 Traet.
459 2577 497 2609 de
524 2579 664 2609 Sacram.
688 2587 719 2618 p.
745 2575 839 2608 1411).

279 2633 305 2673 2)
330 2633 451 2665 Forma.
476 2643 515 2665 ac
537 2635 598 2664 ναί.
623 2632 696 2664 min.
719 2631 816 2664 Lond.
841 2643 870 2674 p.
897 2632 949 2664 32.

279 2687 305 2728 3)
332 2688 428 2729 Pury.
458 2688 531 2720 min.
562 2687 709 2730 Francos.
739 2697 770 2728 p.
801 2686 854 2721 27.
890 2687 937 2719 Cf.
971 2687 1073 2719 Tract.
1103 2687 1141 2718 de
1172 2687 1308 2719 Sacram.
1338 2687 1435 2728 praes.
1462 2699 1492 2730 p.
1525 2688 1555 2720 9.
1588 2690 1646 2731 Ep.
1679 2690 1724 2721 acl
1756 2699 1760 2704 ’

229 2743 350 2785 Siqism.
372 2743 442 2774 Pol.
466 2753 530 2784 req.
556 2742 601 2782 (in
625 2743 737 2774 Forma
761 2753 799 2774 ac
821 2745 882 2775 rat.
912 2743 985 2775 min.
1017 2743 1114 2776 Lond.
1138 2753 1168 2785 p.
1194 2743 1271 2784 76.).
1304 2742 1337 2774 in
1365 2742 1433 2785 ipso
1454 2742 1562 2776 libello
1589 2753 1619 2785 p.
1645 2744 1718 2778 307.

228 2799 290 2839 Ep.
315 2797 360 2829 ad
379 2797 460 2828 Dav.
488 2788 596 2838 Gebrq.
625 2798 703 2836 (Ser.
728 2800 793 2828 ant.
817 2797 862 2829 11.
886 2797 933 2830 22³.
959 2798 1057 2838 509.).
1285 2826 1290 2832 .

280 2853 306 2893 4)
333 2852 421 2894 Conf.
435 2851 518 2894 fidei
540 2863 570 2894 p.
596 2852 625 2883 6.
651 2854 826 2892 (HERINGA.
852 2852 952 2893 2352).
1042 2853 1067 2893 ⁵)
1092 2854 1204 2885 Forma
1228 2864 1265 2886 ac
1287 2857 1348 2885 rat.
1371 2855 1444 2886 min.
1468 2855 1564 2887 Lond.
1590 2866 1619 2897 p.
1645 2855 1719 2889 179.

279 2909 305 2948 ⁶)
330 2908 385 2950 Ep.
409 2906 455 2939 ad
478 2907 561 2939 Coss.
585 2910 617 2939 et
641 2908 713 2939 Seu.
738 2907 850 2940 Hamb.
876 2908 994 2951 (Simpl.
1020 2919 1057 2940 ccc
1071 2898 1132 2951 fid.
1158 2915 1243 2942 narr.
1269 2915 1298 2951 p.
1324 2908 1422 2948 223).
