1849 3239
838 82 915 121 177

127 223 340 266 utrumque
379 216 659 255 convenientia
698 216 807 254 nefas
846 223 951 256 esset
989 218 1117 257 levius
1146 217 1351 270 negligere
1390 218 1623 264 discrimen,

126 284 232 336 quod
261 284 302 322 in
332 297 372 324 se
403 297 483 323 non
513 292 594 324 tam
632 286 766 337 magni
804 286 1012 337 ponderis,
1051 287 1142 338 quia
1186 294 1319 325 tamen
1359 299 1428 337 per
1467 299 1624 325 omnem

124 353 334 405 utriusque
363 353 690 406 Ecelesiologiam
720 355 862 406 serpit,
893 356 1104 394 observatu
1133 367 1323 407 perquam
1349 355 1514 406 dignum
1539 368 1623 394 esse

124 422 294 462 videtur.
341 422 469 468 Quum
495 435 545 461 se.
571 430 707 461 nostro
728 423 888 462 demum
914 431 1092 476 tempore
1115 431 1327 463 senserunt
1345 423 1535 476 Theologi
1554 424 1622 462 Ec-

122 492 281 530 clesiam
316 505 395 531 non
427 505 512 531 esse
548 493 751 531 notionem
782 493 1068 544 dogmaticam,
1103 494 1171 532 sed
1202 505 1298 531 vero
1334 493 1622 544 apparitionem

123 560 372 606 historicam,
399 568 506 600 arcte
524 574 612 600 cum
630 561 776 600 Christi
803 563 978 601 adventu
995 563 1313 615 coniungendam
1328 593 1337 607 ,
1367 563 1406 600 in
1425 561 1535 600 Lasci
1553 561 1623 600 Ee-

120 631 347 683 elesiologia
368 630 466 669 haee
483 631 548 669 illa
565 631 641 669 iam
659 631 805 669 adsunt
821 632 988 683 vestigia
1002 663 1010 676 ,
1041 645 1140 683 quae
1167 632 1310 670 leviter
1326 631 1494 682 idipsum
1513 643 1623 682 prae-

121 701 291 739 sensisse
317 713 408 739 cum
431 713 598 752 arguere
618 701 815 739 videntur.
862 699 986 739 Multo
1011 702 1162 739 maiore
1188 701 1294 739 enim
1321 701 1548 739 discrimine
1575 699 1623 737 ab

119 768 292 828 Ecclesia
310 769 531 808 Christiana
550 769 704 808 divellit
720 769 988 808 Israelitarum
1009 769 1301 813 Tbeocratiam,
1323 777 1363 807 et
1379 769 1622 808 indivulsum

119 838 202 877 sere
233 852 400 884 nexum,
440 851 557 890 quem
598 839 704 877 inter
735 846 944 890 utramque
986 846 1094 878 actas
1124 841 1188 877 illa
1220 838 1521 890 interponebat,
1551 838 1622 876 dis-

119 908 222 946 sudit
249 914 368 959 atque
398 908 567 952 laxavit,
597 914 637 946 et
669 920 791 958 quum
832 915 977 946 »antea
1004 908 1195 946 tenebrae
1226 914 1443 959 regnarent
1473 907 1621 957 ubique

118 985 188 1015 »et
219 977 375 1015 nebulis
405 985 537 1015 essent
569 976 751 1015 obvelata
784 978 935 1022 omnia,
976 985 1063 1029 post
1093 977 1239 1016 Christi
1271 978 1487 1015 adventum
1517 977 1621 1015 laete

119 1059 466 1099 »quaquaversum
510 1047 690 1085 veritatis
732 1048 800 1085 lux
832 1046 1023 1085 'effulsit.''
1082 1046 1181 1092 Quia
1221 1054 1355 1085 tamen
1387 1047 1621 1097 plerumque

119 1117 325 1167 utriusque
365 1116 537 1154 foederis
578 1115 791 1153 Ecclesiam
832 1117 939 1154 inter
976 1129 1016 1154 se
1048 1116 1196 1154 arctius
1226 1116 1326 1154 solet
1356 1116 1621 1167 coniungere,

116 1184 165 1223 ab
195 1185 319 1222 altera
350 1192 461 1236 parte
492 1185 693 1222 neminem
723 1184 836 1223 saeile
869 1185 975 1223 inter
996 1185 1281 1224 reformatores
1307 1185 1503 1228 invenies,
1533 1185 1621 1235 qui,

115 1267 253 1305 quum⁴
277 1267 297 1292 a
337 1254 464 1292 veteri
506 1255 735 1292 oeconomia
776 1267 938 1305 prorsus
978 1254 1194 1293 Ecclesiam
1234 1254 1492 1306 separandam
1536 1266 1621 1292 esse

74 1324 76 1327 ’
113 1323 292 1361 nondum
323 1323 609 1367 intellexisset,
640 1331 685 1361 ut
715 1330 848 1361 tamen
880 1336 968 1361 cum
1001 1323 1156 1362 Christo
1191 1323 1522 1362 indissolubiliter
1551 1321 1621 1361 Ee-

112 1391 229 1429 clesia
259 1398 487 1430 remaneret
517 1392 752 1435 coniuncta,
792 1399 872 1430 tam
903 1399 1010 1430 arete
1042 1405 1131 1430 eum
1162 1391 1319 1431 Christo
1350 1391 1621 1430 Israelitarum

113 1472 271 1510 quoquc
311 1459 527 1498 Ecclesiam
568 1461 821 1499 consociavit.
879 1460 983 1499 »Iam
1016 1469 1133 1500 vetus
1172 1460 1345 1500 Ecclesia
1386 1462 1540 1513 plenam
1577 1474 1620 1499 ac

113 1529 355 1566 »salutarem
387 1527 560 1566 habebat
591 1542 678 1567 cum
710 1529 870 1568 ChriSto
902 1529 1069 1568 Domino
1105 1531 1424 1569 eomnmnionem
1465 1531 1505 1568 in
1536 1542 1619 1568 eor-

112 1592 234 1649 »porc
267 1611 310 1636 ac
335 1598 528 1649 sanguine
568 1598 691 1649 ipsius
719 1598 787 1651 ¹).⁷⁷
847 1597 930 1643 Qua
962 1599 1001 1637 in
1033 1612 1097 1643 re,
1129 1600 1203 1637 etsi
1243 1600 1385 1638 malam
1417 1600 1618 1651 ingressus

111 1668 163 1706 sit
194 1668 317 1712 viam,
347 1668 512 1706 meliora
545 1669 761 1707 tentavisse
793 1675 925 1707 tamen
955 1669 994 1707 in
1025 1669 1185 1708 laudem
1215 1670 1251 1707 ei
1283 1670 1408 1708 cedat.

551 1805 577 1858 ᾗ
607 1807 643 1845 2,
701 1806 755 1845 De
784 1806 979 1845 Ecclesiae
1006 1807 1165 1846 «notione.

161 1944 336 1984 Ecclesia
367 1951 435 1983 aut
465 1945 505 1983 in
537 1957 606 1982 sua
637 1957 724 1982 cum
757 1944 859 1988 Deo,
899 1952 967 1983 aut
1002 1946 1041 1983 in
1073 1958 1143 1984 sua
1173 1957 1262 1984 eum
1292 1944 1522 1984 hominibus
1552 1959 1611 1984 re-

105 2015 254 2054 latione
295 2014 463 2066 spectari
504 2020 644 2065 potest.
704 2013 1047 2058 Quemadmodum
1087 2016 1192 2053 enim
1233 2016 1315 2067 ipsa
1356 2015 1518 2066 religio,
1557 2016 1610 2054 sie

106 2096 264 2135 quoque
295 2096 449 2127 omnes,
479 2095 579 2133 quae
610 2096 699 2121 cum
730 2096 775 2122 ea
806 2084 1041 2122 coniunctae
1073 2092 1166 2122 sunt
1196 2085 1401 2129 notiones,
1431 2085 1608 2135 adeoque

106 2152 280 2191 Ecclesia
311 2153 452 2196 etiam,
482 2153 658 2190 medium
690 2154 813 2191 veluti
839 2154 970 2191 locum
1000 2154 1106 2191 inter
1136 2166 1199 2191 res
1229 2154 1384 2191 divinas
1416 2161 1609 2205 occupant

104 2229 144 2260 et
174 2222 377 2260 humanas.
436 2221 570 2259 Potest
601 2222 725 2272 igitur
755 2222 821 2273 qui
853 2223 1077 2260 istiusmodi
1108 2235 1242 2260 rerum
1268 2222 1451 2260 notiones
1482 2222 1608 2260 inves-

103 2292 231 2343 tigare
261 2291 411 2342 cupiat,
445 2291 485 2328 in
517 2290 713 2342 duplicem
746 2291 922 2329 incidere
954 2303 1152 2335 errorem,
1182 2292 1213 2329 si
1245 2298 1313 2329 aut
1342 2291 1607 2329 humanarum

102 2372 236 2398 rerum
267 2360 490 2398 incuriosus
519 2359 674 2398 divinas
704 2372 830 2410 aequo
861 2361 948 2411 plus
984 2361 1149 2411 premit,
1188 2368 1257 2398 aut
1295 2367 1433 2399 eontra
1473 2360 1607 2398 divina

101 2441 241 2480 parum
271 2441 414 2466 curans
445 2441 488 2466 ae
518 2428 600 2466 sere
632 2428 842 2479 negligens
868 2427 1039 2466 humana
1066 2435 1225 2479 praeter
1250 2429 1410 2466 modum
1437 2430 1606 2467 extollit.

101 2496 238 2535 Solent
277 2497 401 2548 igitur
440 2494 631 2546 Theologi
677 2508 748 2546 pro
793 2496 999 2539 universa,
1044 2509 1161 2547 quam
1206 2497 1245 2535 in
1290 2497 1496 2549 disciplina
1536 2511 1605 2536 sua

100 2571 340 2609 tenuerunt,
370 2565 516 2602 mentis
546 2564 767 2602 directione
798 2571 887 2616 apte
914 2566 1009 2603 satis
1040 2566 1080 2603 in
1108 2565 1330 2618 Theologos
1360 2571 1441 2604 κατ’
1463 2569 1605 2616 ἐξοχήν

99 2639 218 2685 atque
251 2632 574 2684 Anthropologos
600 2633 799 2671 distribui.
843 2632 888 2671 In
913 2641 1050 2672 nostro
1077 2647 1234 2686 quoque
1265 2648 1380 2674 eausa
1407 2638 1605 2688 generalis

52 2742 56 2746 ,
97 2701 195 2741 haee
225 2702 430 2740 distinctio
461 2703 622 2754 egregie
653 2702 768 2741 nobis
799 2704 1016 2748 succurrit,
1047 2711 1087 2742 et
1116 2705 1234 2756 longe
1270 2705 1446 2750 diversa,
1486 2719 1603 2758 quam

135 2914 161 2955 ¹)
188 2915 291 2948 Tract.
316 2915 355 2947 de
379 2916 516 2950 Sacram.
541 2929 571 2959 p.
596 2917 689 2950 128b.

1435 2983 1465 3005 12
