1849 3239
925 87 973 125 96

201 220 343 272 agendi
374 220 475 258 ratio
505 219 672 271 cogitari
703 230 863 270 prorsus
894 218 1050 269 nequit,
1080 225 1120 256 et
1150 218 1198 256 iis
1228 229 1408 270 quoque,
1438 231 1538 270 quae
1571 218 1646 256 hae
1673 219 1700 271 ς

200 291 473 341 exposuimus,
517 288 699 340 egregrie
744 286 1004 325 confirmatur
1034 287 1254 332 sententia,
1284 299 1401 338 quam
1431 299 1546 339 supra
1576 300 1700 326 enun-

202 359 405 402 tiavimus,
437 358 649 397 Ecclesiam
695 356 846 395 Calvini
891 357 1034 395 scolam
1064 357 1205 401 fuisse,
1234 356 1286 394 in
1325 368 1400 407 qua
1432 357 1700 408 ludimagistri

200 428 250 467 ad
280 428 495 480 discipulos
526 439 617 466 suos
647 425 789 464 relatio
818 438 908 464 cum
936 425 1122 465 fidelibus
1151 425 1358 477 coniungit
1387 432 1574 477 pastores.
1731 413 1736 416 ’

485 565 512 617 55
541 565 576 602 4⁴.
634 562 830 602 Ecclesiae
858 564 995 603 relatio
1025 564 1075 603 ad
1103 577 1183 603 rem
1207 563 1413 615 politicam.

255 702 396 741 Parum
436 702 476 740 in
518 701 752 741 Theoeratia
792 702 893 741 bene
932 702 1092 741 condita
1131 703 1276 747 refert,
1313 710 1449 741 utrum
1482 701 1701 748 Ecclesiae,

200 785 248 811 an
293 784 387 811 vero
430 772 683 824 magistratui
728 785 921 810 summam
965 772 1244 810 auctoritatem
1293 772 1469 817 deseras,
1516 774 1702 824 quoniam

201 841 316 881 ambo
347 841 395 880 ab
428 854 505 880 una
537 840 678 880 Divina
709 842 948 880 auctoritate
978 841 1173 892 pendent,
1212 847 1252 879 et
1285 841 1464 879 unanimi
1493 842 1703 880 eoncordia

200 912 239 949 in
280 909 350 949 Dei
390 911 581 949 maiorem
621 911 788 962 gloriam
830 910 1013 948 tendunt.
1071 908 1134 948 Sic
1174 922 1331 961 quoque
1366 909 1549 949 Calvinus
1578 921 1704 962 aequo

199 979 332 1018 animo
363 980 473 1024 tulit,
513 979 764 1031 magistratui
795 979 1007 1022 maiorem,
1046 991 1162 1030 quam
1193 991 1263 1030 par
1293 986 1414 1023 esset,
1454 979 1495 1017 in
1531 977 1705 1017 Ecclesia

200 1049 279 1087 vim
310 1048 473 1087 concedi
505 1056 545 1086 et
566 1048 850 1092 efficientiam,
892 1048 1107 1087 dummodo
1138 1048 1244 1086 salva
1275 1055 1398 1087 staret
1428 1061 1517 1093 sua,
1549 1055 1634 1088 tum
1664 1048 1704 1087 in

199 1117 318 1155 rebus
360 1118 408 1156 ad
452 1117 686 1168 religionem
731 1110 1048 1169 pertinentibus,
1090 1115 1172 1155 tum
1212 1118 1252 1155 in
1292 1118 1483 1169 politicis,
1522 1130 1704 1169 suprema

199 1187 426 1225 auctoritas.
473 1185 574 1224 Hinc
600 1186 862 1237 intelligitur,
891 1187 958 1237 qui
989 1187 1137 1224 sactum
1168 1186 1239 1230 sit,
1270 1193 1313 1224 ut
1340 1193 1399 1225 tot
1417 1193 1605 1237 tantaque
1623 1184 1705 1224 Cal-

200 1256 317 1295 vinus
357 1255 397 1293 in
433 1254 568 1292 libello
600 1252 803 1292 »Ordonn
831 1252 958 1292 Ε’001.”
987 1253 1239 1305 magistratui
1266 1254 1483 1292 concedere
1509 1255 1706 1306 potuerit,

201 1324 250 1363 ad
281 1324 366 1362 eius
396 1323 573 1361 tribunal
604 1322 652 1361 de
683 1322 864 1361 doctrina
900 1323 1065 1361 discidia
1104 1322 1313 1371 detulerit,
1352 1323 1438 1361 eius
1477 1323 1706 1362 auctoritati

202 1405 339 1432 omnes
379 1392 577 1431 Ecclesiae
617 1392 821 1430 ministros
854 1392 1128 1443 approbandos
1158 1404 1243 1430 esse
1275 1393 1495 1436 censuerit,
1531 1393 1568 1429 ei
1598 1391 1708 1429 deni-

203 1475 281 1514 que
325 1461 567 1500 concesserit
598 1460 658 1499 ius
688 1474 709 1499 e
741 1473 811 1498 suo
841 1460 973 1498 medio
1005 1458 1191 1498 Seniores
1220 1466 1260 1498 et
1291 1458 1485 1498 Diaconos
1515 1458 1711 1510 eligendi,

203 1538 244 1570 ct
266 1531 424 1569 desides
450 1531 652 1569 ministros
678 1544 699 1569 a
724 1543 891 1569 munere
918 1530 1155 1581 deponendi.
1202 1528 1276 1568 Ubi
1303 1535 1438 1567 contra
1465 1527 1592 1567 officio
1623 1528 1712 1566 dce-

204 1608 265 1639 rat
296 1601 575 1652 magistratus,
608 1606 648 1638 et
678 1599 963 1638 dominationis
993 1600 1284 1637 incrementum
1311 1598 1464 1650 potius,
1494 1610 1612 1649 quam
1643 1596 1712 1636 Ec-

205 1669 345 1708 clesiae
377 1669 546 1707 salutem
575 1681 767 1720 quaerere
799 1668 1030 1712 videbatur,
1059 1680 1276 1719 numquam
1308 1668 1343 1705 ei
1369 1667 1487 1705 cessit
1512 1666 1712 1711 Calvinus,

206 1745 246 1777 ct
277 1744 439 1776 strenue
480 1737 708 1790 perhibuit,
747 1749 827 1776 non
869 1749 954 1775 esse
984 1737 1237 1789 magistratui
1268 1735 1504 1780 Ecclesiam,
1544 1735 1613 1775 sed
1643 1734 1712 1773 Ec-

207 1807 347 1845 clesiae
388 1807 666 1858 magistratum
706 1806 1019 1850 subiiciendum;
1059 1807 1165 1858 quod
1205 1806 1245 1844 in
1286 1806 1395 1844 nulla
1425 1818 1540 1844 causa
1570 1805 1713 1843 melius

208 1875 470 1928 conspicitur,
501 1886 616 1925 quam
641 1874 682 1912 in
707 1886 823 1912 eausa
850 1861 1130 1918 Berthclierii,
1155 1874 1222 1924 qui
1249 1886 1269 1911 a
1294 1866 1528 1912 consistorio
1553 1879 1714 1911 notatus

208 1954 314 1990 erat,
347 1945 452 1996 quod
482 1944 638 1996 publice
669 1944 942 1982 declaraverat
972 1956 1012 1981 se
1044 1955 1128 1981 esse
1174 1943 1307 1981 »aussi
1336 1943 1494 1981 homme
1520 1942 1569 1981 de
1600 1942 1714 1985 bien,

211 2028 313 2067 »que
349 2012 520 2053 Calvin.''
573 2011 743 2051 Vocatus
782 2013 848 2050 illc
889 2012 1177 2064 poenitentiam
1207 2011 1387 2063 profiteri
1419 2012 1638 2055 recusavit,
1675 2017 1715 2048 et

211 2097 332 2136 quum
363 2089 526 2135 propter
554 2081 657 2120 hanc
687 2094 844 2120 causam
877 2094 895 2119 a
927 2080 963 2119 S.
991 2081 1144 2120 Coenae
1174 2093 1250 2119 usu
1275 2088 1497 2125 arceretur,
1527 2093 1644 2133 aegre
1674 2079 1714 2118 id

210 2154 343 2192 ferens
382 2166 403 2190 a
440 2151 676 2202 magistrat-u
716 2151 878 2202 petivit,
923 2158 968 2189 ut
1013 2163 1080 2189 sua
1121 2152 1358 2190 auctoritate
1398 2151 1549 2189 aditum
1590 2150 1638 2188 ad
1678 2148 1715 2187 S.

213 2223 383 2262 Coenam
423 2221 459 2259 ei
499 2221 776 2259 concederent.
836 2220 950 2265 Quod
990 2233 1112 2271 quum
1142 2234 1163 2258 a
1199 2221 1371 2259 Consilio
1409 2221 1561 2258 minore
1601 2218 1716 2271 (petit

213 2292 383 2343 Conseil)
410 2291 714 2342 impetraverat,
737 2297 877 2342 sponte
903 2289 1001 2329 haec
1028 2289 1285 2328 oboriebatur
1310 2289 1716 2340 quaestio,liceretne

213 2360 465 2413 magistratui
505 2360 729 2398 consistorii
770 2360 929 2398 decreta
970 2359 1214 2403 rescindere,
1259 2372 1306 2397 an
1347 2371 1442 2397 vero
1478 2358 1717 2397 sententiam

215 2431 368 2470 diceret
397 2429 698 2473 consistorium,
728 2428 777 2467 de
809 2441 885 2479 qua
911 2428 1139 2480 provocatio
1169 2434 1272 2466 essct
1297 2428 1417 2466 nulla.
1461 2426 1542 2466 Lex
1572 2427 1717 2479 scripta
1766 2481 1770 2485 ἓ

215 2500 402 2552 (Ordonn.
434 2497 550 2551 Eccl.)
589 2498 750 2536 disertis
790 2498 923 2536 verbis
962 2498 1012 2537 ad
1054 2497 1330 2549 magistratum
1374 2497 1615 2549 provocandi
1658 2497 1719 2535 ius

215 2582 284 2609 reo
315 2574 566 2607 concesserat
594 2567 635 2618 ¹).
680 2566 865 2606 Calvinus
895 2575 1050 2612 autem,
1082 2580 1202 2618 quum
1234 2568 1274 2606 in
1299 2567 1375 2606 hoc
1400 2568 1581 2619 exemplo
1611 2566 1718 2618 peni-

215 2644 281 2677 tus
310 2636 595 2689 perspiciebat,
626 2636 756 2674 omnia
788 2649 932 2688 susque
960 2638 1088 2688 deque
1114 2637 1216 2675 verti
1243 2637 1283 2674 in
1309 2635 1505 2681 Ecclesia,
1534 2636 1609 2674 nisi
1640 2649 1718 2674 ma-

217 2708 407 2760 gistratus
437 2708 476 2745 in
509 2719 553 2745 ea
584 2718 626 2744 re
657 2706 871 2744 auctoritas
902 2706 1215 2750 diminueretur,
1254 2706 1460 2757 religionis
1489 2706 1631 2744 timore
1662 2705 1718 2743 in·

217 2776 465 2829 terponendo
506 2787 642 2814 omnes
681 2775 834 2827 lapides
872 2777 1017 2821 movit,
1056 2788 1106 2814 ne
1152 2782 1230 2814 tam
1271 2787 1390 2827 grave
1432 2775 1718 2814 detrimentum

272 2936 297 2977 1)
324 2943 484 2975 BICHTER,
509 2936 565 2967 Ev.
592 2934 823 2967 Kirchenordn.
848 2935 875 2968 Ι.
901 2936 975 2968 351.
