1849 3239
756 76 836 119 4²45

57 220 124 258 vix
153 218 363 269 quiequam
385 215 557 255 cederet.
615 213 882 264 Quaecunque
908 210 1032 264 igitur
1060 210 1101 249 in
1129 208 1329 248 Ecclesiae
1359 197 1547 245 membris

50 288 161 326 *dona
200 287 410 325 collocaret
450 286 612 338 spiritus
647 286 827 328 sanetus,
867 282 1004 321 scdulo
1034 279 1214 331 excipere
1247 276 1399 315 solebat
1429 280 1547 324 atquc

23 356 267 407 xeolligere,
306 361 351 393 ut
389 356 474 394 veri
512 353 683 393 nominis
721 352 826 390 basis
866 364 909 390 ac
947 351 1128 390 columna
1163 346 1345 387 veritatis
1368 341 1550 382 Ecclesia

59 424 198 463 haberi
237 431 380 475 posset.
438 423 487 462 Et
527 435 649 474 quum
680 422 825 473 optimc
857 420 1075 464 sentiebat,
1104 416 1304 456 neminem
1333 413 1382 452 ad
1411 419 1551 453 velum

52 493 207 533 'Christi
241 505 384 545 corpus
419 499 583 532 externa
613 498 769 531 tantum
798 490 1043 529 consessione
1074 488 1296 540 pertinere,
1334 482 1403 522 sed
1430 472 1552 520 'fidem

58 563 210 615 1equiri
245 570 290 601 ct
334 564 514 601 intimam
549 573 639 600 eum
678 560 835 599 Christo
874 559 1081 602 unionem,
1111 564 1156 596 ut
1194 554 1368 607 coip'oris
1398 550 1554 590 Christi

61 632 375 686 participationis
414 632 634 683 condignus
673 629 877 673 habearis,
921 635 1082 666 strenue
1123 632 1163 664 et
1193 623 1376 664 alacriter
1404 619 1558 659 in'nisus

64 709 142 746 cst,
183 715 233 741 ne
273 703 369 754 quid
407 702 591 741 vitiosum
633 700 713 738 sive
753 697 1064 750 reprehensione
1095 695 1260 747 dignum
1290 693 1330 731 in
1356 688 1559 728 Ecclesiae

65 772 181 811 sociis
220 772 304 810 sine
345 771 455 823 gravi
495 769 785 813 admonitione,
829 774 869 806 et
910 766 977 805 ub'i
1016 778 1080 804 res
1119 765 1158 803 id
1192 762 1437 815 postularet,
1477 757 1561 795 sinc

65 826 406 880 animadversione
455 838 857 891 praetermitteretur.
923 835 985 874 Sic
1025 835 1185 874 demum
1226 832 1392 870 alacrem
1433 824 1561 866 conci·

66 924 159 964 pere
199 911 328 962 potuit
369 922 498 961 spem,
538 916 582 947 ut
621 907 794 946 Ecclesia
834 919 924 949 sua,
969 905 1135 943 societas
1174 899 1408 951 ceteroquin
1435 894 1563 936 homi-

62 992 185 1026 num,
215 981 282 1032 qui
312 980 420 1018 nulla
451 991 530 1017 non
562 977 693 1017 vexati
726 975 896 1014 saevitia
931 973 1245 1023 'infortuniisque
1280 966 1565 1021 propemodum

69 1050 238 1089 consecti
264 1049 308 1087 ‘et
339 1048 527 1100 patriam,
561 1046 601 1085 ct
631 1051 847 1097 cognatos,
873 1043 913 1081 et
952 1043 1054 1081 bona
1086 1054 1154 1079 sua
1181 1040 1412 1089 relinquere
1442 1036 1565 1075 malu-

71 1125 207 1163 erant,
239 1129 354 1169 quam
386 1117 449 1155 vel
480 1116 649 1167 digitum
679 1116 802 1153 latum
834 1099 883 1151 a‘b
911 1111 1122 1163 Euangelii
1153 1109 1326 1162 puritate
1353 1106 1568 1148 recedere,

70 1189 217 1240 quique
244 1187 368 1238 igitur
393 1186 541 1238 pietate
568 1185 744 1236 insignes
769 1190 809 1221 et
830 1194 927 1234 prae
954 1180 1110 1220 ardenti
1135 1178 1342 1230 religi-onis
1369 1186 1502 1214 amore
1526 1174 1568 1212 i'n

70 1257 205 1309 paucis
230 1246 344 1300 erant
370 1255 592 1306 conspicui,
617 1276 669 1281 —
699 1259 920 1296 uteorum,
944 1251 1127 1302 inquam,
1153 1246 1411 1299 congregatio
1428 1243 1568 1283 evade-

71 1331 133 1366 ret
178 1322 389 1377 aliquando
434 1323 608 1363 Ecclesia
644 1324 684 1362 in
726 1321 907 1360 doctrina
956 1332 1048 1358 vera
1094 1329 1271 1370 puraque
1316 1313 1571 1354 consentiens

74 1409 117 1435 ac
156 1407 338 1438 eoncorS‚
378 1394 419 1432 in
458 1394 563 1432 vitae
604 1392 816 1430 sanctitate
855 1389 1000 1428 nobilis
1040 1394 1080 1426 et
1118 1387 1297 1425 honesta.
1360 1383 1412 1423 Ut
1451 1381 1573 1422 verbo

73 1467 218 1506 dicam:
259 1465 334 1503 etsi
370 1463 535 1502 visibilis
566 1469 684 1513 atquc
715 1459 924 1499 invisibilis
954 1457 1155 1497 Ecclesiae
1184 1454 1484 1495 distinctionem
1513 1455 1573 1489 re-

75 1536 233 1579 iecerit,
261 1533 554 1572 accuratissime
581 1538 712 1570 tamen
740 1531 846 1568 inter
871 1529 1039 1567 idealem
1064 1525 1263 1565 Ecclesiae
1290 1521 1574 1573 etempirieam

77 1606 164 1644 eius
188 1598 392 1642 'notionem
417 1602 617 1640 discrevit.
669 1599 754 1645 Quo
780 1600 949 1642 sactum,
975 1604 1019 1635 ut
1045 1596 1211 1634 infraetc
1235 1591 1429 1645 propositi
1450 1590 1574 1629 ‘tenax

76 1680 213 1712 noster
252 1672 457 1710 ardentior
486 1678 640 1722 semper
669 1669 812 1713 suerit,
843 1674 883 1706 et
913 1666 1095 1705 assiduus
1123 1664 1251 1703 multo
1280 1662 1405 1714 magis
1436 1661 1476 1699 in
1507 1671 1577 1698 sua

77 1742 248 1781 Ecclesia
287 1741 560 1783 reformanda,
597 1746 636 1778 et
676 1739 770 1777 (lum
807 1738 872 1776 alii
912 1735 1141 1787 imperfecta
1183 1746 1252 1772 sua
1282 1727 1456 1770 Ecclesia
1486 1738 1577 1767 m'ox

74 1811 255 1849 ‘contenti
305 1811 344 1848 in
394 1810 525 1848 medio
574 1808 838 1846 consisterent
878 1806 1024 1857 gradu,
1076 1803 1221 1842 molem
1262 1794 1489 1840 inchoatam
1526 1797 1577 1836 vde

75 1891 195 1917 manu
239 1890 454 1928 numquam
499 1877 749 1927 deposuerit,
795 1875 920 1913 donec
965 1884 1074 1911 sacra
1121 1871 1420 1910 nancisceretur
1460 1874 1577 1919 quam

77 1947 410 1986 emendatissima.
440 1970 493 1974 —
522 1945 684 1988 Restat,
722 1950 767 1982 ut
806 1944 927 1982 certis
966 1941 1206 1981 testimoniis
1245 1940 1350 1978 dicta
1390 1935 1580 1989 approbe-

78 2030 179 2056 111115,
236 2016 412 2055 Primum
443 2017 587 2067 'itaque
618 2013 981 2053 demonstrabimus
1010 2012 1031 2049 a
1063 2009 1185 2048 Lasco
1214 2006 1422 2047 Invisibilis
1451 2005 1580 2045 Eccle-

81 2086 160 2125 siae
188 2086 322 2137 dogma
352 2084 548 2129 reiecisse,
584 2096 660 2135 qua
690 2084 731 2122 in
762 2096 804 2121 re
835 2082 982 2134 duplici
1012 2088 1172 2119 utemur
1202 2084 1448 2131 argumento.
1505 2073 1579 2114 Ne-

81 2156 202 2206 guatino
232 2168 282 2194 sc.
315 2155 574 2199 affirmamus,
605 2165 800 2204 nusquam
826 2152 868 2190 in
894 2150 1006 2189 Lasci
1034 2148 1196 2200 Scriptis
1226 2165 1241 2182 η
1258 2146 1421 2185 visibilis
1434 2144 1466 2189 ,''
1496 2145 1580 2183 sive

85 2223 356 2263 »invisibilis'’
395 2223 621 2275 praedicata
657 2223 705 2260 acl
745 2221 961 2259 Ecclesiam
1000 2218 1162 2262 reserri;
1202 2217 1315 2255 cuius
1354 2214 1580 2267 argumenti

85 2296 228 2331 natura
254 2305 387 2332 seeum
412 2292 510 2335 sert,
541 2297 586 2329 ut
612 2290 781 2328 ulterius
806 2287 997 2326 illustrari
1024 2291 1209 2337 nequeat.
1265 2283 1426 2322 Positive
1451 2289 1586 2321 antem

87 2362 362 2405 ostendemus,
402 2361 493 2399 talia
533 2361 574 2398 in
614 2359 725 2398 Lasci
764 2358 920 2409 scriptis
958 2357 1006 2395 de
1047 2368 1091 2394 ea
1130 2353 1348 2406 praedicari
1388 2351 1585 2396 Ecclesia,

88 2444 187 2482 quae
228 2430 341 2468 obvia
376 2431 415 2468 in
459 2430 574 2468 terris
611 2428 839 2467 mortalium
882 2426 1004 2464 oeulis
1031 2425 1231 2466 cernitur,
1268 2423 1399 2473 qualia
1429 2421 1586 2460 nonnisi

90 2500 137 2538 ad
177 2499 414 2537 invisibilem
453 2498 665 2537 Ecclesiam
708 2497 847 2535 referri
887 2501 1049 2547 possent
1087 2494 1170 2531 ullo
1209 2492 1349 2535 modo,
1388 2490 1456 2529 ubi
1485 2490 1584 2528 haec

91 2568 259 2619 duplicis
298 2567 496 2606 Ecclesiae
535 2567 737 2606 distinctio
777 2565 891 2604 valet.
959 2563 1043 2602 Huc
1083 2570 1215 2601 autem
1254 2561 1383 2599 faeere
1423 2560 1585 2612 opinor,

93 2637 196 2688 quod
234 2648 268 2674 a.
309 2635 713 2677 excommunicatum,
760 2633 826 2684 qui
865 2631 1152 2684 poenitentiam
1192 2630 1410 2682 professus,
1449 2636 1588 2667 rursus

73 2707 134 2752 ⁴in
174 2705 371 2744 Ecclesiae
412 2705 541 2743 sinum
579 2704 844 2755 reciperetur,
885 2700 1248 2747 in‚huncmodc1·n
1281 2697 1427 2749 alloqui
1457 2697 1587 2736 iubet:

96 2775 197 2813 »hac
238 2773 397 2825 quidem
437 2771 664 2822 receptione
704 2782 775 2808 nos
815 2768 886 2806 tibi
921 2768 961 2806 in
991 2767 1150 2806 nominc
1181 2773 1221 2805 et
1250 2767 1401 2805 virtute
1432 2750 1588 2803 Domini

97 2844 249 2882 »nostri
276 2842 362 2880 Iesu
393 2841 538 2879 Christi
569 2838 849 2882 testificamur,
880 2844 941 2882 te,
967 2837 1034 2888 qui
1061 2835 1228 2874 Satanae
1254 2835 1475 2874 membrum
1502 2846 1587 2872 esse

101 2929 115 2946 n
131 2924 339 2963 coeperas,
384 2910 461 2948 iam
504 2920 657 2947 rursum
700 2920 778 2946 esse
819 2906 1023 2945 membrum
1068 2904 1247 2943 sacrosclt'
1276 2904 1443 2955 'corporis
1485 2902 1590 2941 Chri-

1364 2972 1400 2995 θα
