<?xml version="1.0" encoding="UTF-8"?>
<!DOCTYPE html PUBLIC "-//W3C//DTD XHTML 1.0 Transitional//EN"
    "http://www.w3.org/TR/xhtml1/DTD/xhtml1-transitional.dtd">
<html xmlns="http://www.w3.org/1999/xhtml" xml:lang="en" lang="en">
 <head>
  <title>
</title>
<meta http-equiv="Content-Type" content="text/html;charset=utf-8" />
  <meta name='ocr-system' content='tesseract 3.04.00' />
  <meta name='ocr-capabilities' content='ocr_page ocr_carea ocr_par ocr_line ocrx_word'/>
</head>
<body>
  <div class='ocr_page' id='page_1' title='image "./disquisitiohisto00kuyp_0048.png"; bbox 0 0 1879 3239; ppageno 0'>
   <div class='ocr_carea' id='block_1_1' title="bbox 976 77 1027 116">
    <p class='ocr_par' dir='ltr' id='par_1_1' title="bbox 976 77 1027 116">
     <span class='ocr_line' id='line_1_1' title="bbox 976 77 1027 116; baseline 0 0"><span class='ocrx_word' id='word_1_1' title='bbox 976 77 1027 116; x_wconf 80' lang='lat'>28</span> 
     </span>
    </p>
   </div>
   <div class='ocr_carea' id='block_1_2' title="bbox 250 211 1749 405">
    <p class='ocr_par' dir='ltr' id='par_1_2' title="bbox 250 211 1749 405">
     <span class='ocr_line' id='line_1_2' title="bbox 251 211 1749 264; baseline 0.001 -12"><span class='ocrx_word' id='word_1_2' title='bbox 251 229 266 248; x_wconf 72' lang='lat'>&gt;³</span> <span class='ocrx_word' id='word_1_3' title='bbox 282 213 372 257; x_wconf 90' lang='lat' dir='ltr'>Dei,</span> <span class='ocrx_word' id='word_1_4' title='bbox 413 225 511 264; x_wconf 88' lang='lat' dir='ltr'>quae</span> <span class='ocrx_word' id='word_1_5' title='bbox 553 225 694 264; x_wconf 87' lang='lat' dir='ltr'>purum</span> <span class='ocrx_word' id='word_1_6' title='bbox 735 211 834 250; x_wconf 93' lang='lat' dir='ltr'>illud</span> <span class='ocrx_word' id='word_1_7' title='bbox 874 217 913 249; x_wconf 84' lang='lat' dir='ltr'>et</span> <span class='ocrx_word' id='word_1_8' title='bbox 948 211 1059 249; x_wconf 87' lang='lat' dir='ltr'>nullo</span> <span class='ocrx_word' id='word_1_9' title='bbox 1088 211 1285 250; x_wconf 85' lang='lat' dir='ltr'>fermento</span> <span class='ocrx_word' id='word_1_10' title='bbox 1315 211 1504 251; x_wconf 86' lang='lat' dir='ltr'>infectum</span> <span class='ocrx_word' id='word_1_11' title='bbox 1536 226 1607 253; x_wconf 88' lang='lat' dir='ltr'>suo</span> <span class='ocrx_word' id='word_1_12' title='bbox 1636 215 1749 253; x_wconf 88' lang='lat' dir='ltr'>mini-</span> 
     </span>
     <span class='ocr_line' id='line_1_3' title="bbox 250 281 1385 333; baseline -0.001 -12"><span class='ocrx_word' id='word_1_13' title='bbox 250 283 403 321; x_wconf 86' lang='lat' dir='ltr'>»sterio</span> <span class='ocrx_word' id='word_1_14' title='bbox 443 289 650 319; x_wconf 86' lang='lat' dir='ltr'>conservat</span> <span class='ocrx_word' id='word_1_15' title='bbox 690 287 730 318; x_wconf 93' lang='lat' dir='ltr'>et</span> <span class='ocrx_word' id='word_1_16' title='bbox 770 281 818 318; x_wconf 87' lang='lat' dir='ltr'>ad</span> <span class='ocrx_word' id='word_1_17' title='bbox 858 287 1038 331; x_wconf 87' lang='lat' dir='ltr'>posteros</span> <span class='ocrx_word' id='word_1_18' title='bbox 1077 288 1268 333; x_wconf 79' lang='lat' dir='ltr'>propagat</span> <span class='ocrx_word' id='word_1_19' title='bbox 1294 281 1385 333; x_wconf 82' lang='lat'><strong>²⁰);&#39;&#39;</strong></span> 
     </span>
     <span class='ocr_line' id='line_1_4' title="bbox 251 350 1749 405; baseline 0.002 -16"><span class='ocrx_word' id='word_1_20' title='bbox 251 351 406 389; x_wconf 76' lang='lat' dir='ltr'>»nihilo</span> <span class='ocrx_word' id='word_1_21' title='bbox 437 351 563 402; x_wconf 81' lang='lat' dir='ltr'>magis</span> <span class='ocrx_word' id='word_1_22' title='bbox 594 364 614 388; x_wconf 92' lang='lat' dir='ltr'>a</span> <span class='ocrx_word' id='word_1_23' title='bbox 645 350 825 388; x_wconf 87' lang='lat' dir='ltr'>doctrina</span> <span class='ocrx_word' id='word_1_24' title='bbox 857 355 987 400; x_wconf 87' lang='lat' dir='ltr'>potest</span> <span class='ocrx_word' id='word_1_25' title='bbox 1018 350 1154 394; x_wconf 87' lang='lat' dir='ltr'>avelli,</span> <span class='ocrx_word' id='word_1_26' title='bbox 1185 364 1301 401; x_wconf 87' lang='lat' dir='ltr'>quam</span> <span class='ocrx_word' id='word_1_27' title='bbox 1331 357 1511 390; x_wconf 90' lang='lat' dir='ltr'>nostrum</span> <span class='ocrx_word' id='word_1_28' title='bbox 1539 354 1749 405; x_wconf 89' lang='lat' dir='ltr'>unusquis·</span> 
     </span>
    </p>
   </div>
   <div class='ocr_carea' id='block_1_3' title="bbox 251 417 1758 472">
    <p class='ocr_par' dir='ltr' id='par_1_3' title="bbox 251 417 1758 472">
     <span class='ocr_line' id='line_1_5' title="bbox 251 417 1758 472; baseline 0.002 -14"><span class='ocrx_word' id='word_1_29' title='bbox 251 433 358 471; x_wconf 82' lang='lat' dir='ltr'>»que</span> <span class='ocrx_word' id='word_1_30' title='bbox 389 433 410 458; x_wconf 85' lang='lat' dir='ltr'>a</span> <span class='ocrx_word' id='word_1_31' title='bbox 440 420 598 471; x_wconf 85' lang='lat' dir='ltr'>propria</span> <span class='ocrx_word' id='word_1_32' title='bbox 630 419 758 457; x_wconf 88' lang='lat' dir='ltr'>anima</span> <span class='ocrx_word' id='word_1_33' title='bbox 785 417 876 470; x_wconf 80' lang='grc'>21);”</span> <span class='ocrx_word' id='word_1_34' title='bbox 907 419 1093 469; x_wconf 84' lang='lat' dir='ltr'>quoniam</span> <span class='ocrx_word' id='word_1_35' title='bbox 1137 418 1236 457; x_wconf 85' lang='lat' dir='ltr'>»hoc</span> <span class='ocrx_word' id='word_1_36' title='bbox 1262 431 1380 458; x_wconf 87' lang='lat' dir='ltr'>sensu</span> <span class='ocrx_word' id='word_1_37' title='bbox 1404 421 1583 472; x_wconf 83' lang='lat' dir='ltr'>regimen</span> <span class='ocrx_word' id='word_1_38' title='bbox 1610 422 1758 460; x_wconf 79' lang='lat' dir='ltr'>tribui-‘</span> 
     </span>
    </p>
   </div>
   <div class='ocr_carea' id='block_1_4' title="bbox 1425 283 1749 336">
    <p class='ocr_par' dir='ltr' id='par_1_4' title="bbox 1425 283 1749 336">
     <span class='ocr_line' id='line_1_6' title="bbox 1425 283 1749 336; baseline 0.009 -16"><span class='ocrx_word' id='word_1_39' title='bbox 1425 283 1535 322; x_wconf 89' lang='lat' dir='ltr'>cuius</span> <span class='ocrx_word' id='word_1_40' title='bbox 1570 285 1749 336; x_wconf 81' lang='lat' dir='ltr'>regimen</span> 
     </span>
    </p>
   </div>
   <div class='ocr_carea' id='block_1_5' title="bbox 248 487 1749 1094">
    <p class='ocr_par' dir='ltr' id='par_1_5' title="bbox 248 487 1749 1094">
     <span class='ocr_line' id='line_1_7' title="bbox 251 487 1748 542; baseline 0.005 -20"><span class='ocrx_word' id='word_1_41' title='bbox 251 495 348 526; x_wconf 85' lang='lat' dir='ltr'>»tur</span> <span class='ocrx_word' id='word_1_42' title='bbox 378 488 578 526; x_wconf 81' lang='lat' dir='ltr'>Ecclesiae</span> <span class='ocrx_word' id='word_1_43' title='bbox 589 517 683 530; x_wconf 92' lang='lat'><strong>.....</strong></span> <span class='ocrx_word' id='word_1_44' title='bbox 714 488 806 537; x_wconf 88' lang='lat' dir='ltr'>quia</span> <span class='ocrx_word' id='word_1_45' title='bbox 836 487 1034 538; x_wconf 82' lang='lat' dir='ltr'>euangelii</span> <span class='ocrx_word' id='word_1_46' title='bbox 1061 488 1374 538; x_wconf 86' lang='lat' dir='ltr'>praedicatione,</span> <span class='ocrx_word' id='word_1_47' title='bbox 1405 501 1504 539; x_wconf 89' lang='lat' dir='ltr'>quae</span> <span class='ocrx_word' id='word_1_48' title='bbox 1534 491 1638 542; x_wconf 90' lang='lat' dir='ltr'>apud</span> <span class='ocrx_word' id='word_1_49' title='bbox 1663 504 1748 529; x_wconf 89' lang='lat' dir='ltr'>eam</span> 
     </span>
     <span class='ocr_line' id='line_1_8' title="bbox 252 555 1748 609; baseline 0.005 -18"><span class='ocrx_word' id='word_1_50' title='bbox 252 557 459 608; x_wconf 87' lang='lat' dir='ltr'>»deposita</span> <span class='ocrx_word' id='word_1_51' title='bbox 491 564 572 600; x_wconf 89' lang='lat' dir='ltr'>est,</span> <span class='ocrx_word' id='word_1_52' title='bbox 611 556 815 607; x_wconf 81' lang='lat' dir='ltr'>spirituale</span> <span class='ocrx_word' id='word_1_53' title='bbox 855 562 915 594; x_wconf 88' lang='lat' dir='ltr'>est</span> <span class='ocrx_word' id='word_1_54' title='bbox 950 555 1095 594; x_wconf 76' lang='lat' dir='ltr'>Christi</span> <span class='ocrx_word' id='word_1_55' title='bbox 1125 564 1324 608; x_wconf 89' lang='lat' dir='ltr'>sceptrum</span> <span class='ocrx_word' id='word_1_56' title='bbox 1350 556 1433 609; x_wconf 69' lang='lat'>2²).”</span> <span class='ocrx_word' id='word_1_57' title='bbox 1488 557 1661 598; x_wconf 79' lang='lat' dir='ltr'>Ecclesia</span> <span class='ocrx_word' id='word_1_58' title='bbox 1691 572 1748 597; x_wconf 89' lang='lat' dir='ltr'>so-</span> 
     </span>
     <span class='ocr_line' id='line_1_9' title="bbox 250 623 1747 676; baseline 0.002 -13"><span class='ocrx_word' id='word_1_59' title='bbox 250 626 371 664; x_wconf 89' lang='lat' dir='ltr'>cietas</span> <span class='ocrx_word' id='word_1_60' title='bbox 406 623 588 662; x_wconf 87' lang='lat' dir='ltr'>habenda</span> <span class='ocrx_word' id='word_1_61' title='bbox 629 629 709 666; x_wconf 88' lang='lat' dir='ltr'>est,</span> <span class='ocrx_word' id='word_1_62' title='bbox 750 623 781 661; x_wconf 90' lang='lat' dir='ltr'>si</span> <span class='ocrx_word' id='word_1_63' title='bbox 821 635 841 661; x_wconf 85' lang='lat' dir='ltr'>a</span> <span class='ocrx_word' id='word_1_64' title='bbox 881 630 992 674; x_wconf 88' lang='lat' dir='ltr'>parte</span> <span class='ocrx_word' id='word_1_65' title='bbox 1030 623 1234 662; x_wconf 86' lang='lat' dir='ltr'>hominum</span> <span class='ocrx_word' id='word_1_66' title='bbox 1273 632 1484 676; x_wconf 82' lang='lat' dir='ltr'>spectatur.</span> <span class='ocrx_word' id='word_1_67' title='bbox 1541 623 1747 672; x_wconf 85' lang='lat' dir='ltr'>Calvinus,</span> 
     </span>
     <span class='ocr_line' id='line_1_10' title="bbox 250 691 1748 749; baseline 0.003 -18"><span class='ocrx_word' id='word_1_68' title='bbox 250 694 317 745; x_wconf 92' lang='lat' dir='ltr'>qui</span> <span class='ocrx_word' id='word_1_69' title='bbox 356 693 396 731; x_wconf 92' lang='lat' dir='ltr'>in</span> <span class='ocrx_word' id='word_1_70' title='bbox 436 691 607 730; x_wconf 79' lang='lat' dir='ltr'>Ecclesia</span> <span class='ocrx_word' id='word_1_71' title='bbox 647 692 926 731; x_wconf 83' lang='lat' dir='ltr'>constituenda</span> <span class='ocrx_word' id='word_1_72' title='bbox 965 693 1082 732; x_wconf 89' lang='lat' dir='ltr'>unice</span> <span class='ocrx_word' id='word_1_73' title='bbox 1120 694 1203 732; x_wconf 87' lang='lat' dir='ltr'>sere</span> <span class='ocrx_word' id='word_1_74' title='bbox 1243 694 1313 733; x_wconf 90' lang='lat' dir='ltr'>Dei</span> <span class='ocrx_word' id='word_1_75' title='bbox 1353 696 1546 734; x_wconf 85' lang='lat' dir='ltr'>rationem</span> <span class='ocrx_word' id='word_1_76' title='bbox 1587 696 1748 749; x_wconf 84' lang='lat' dir='ltr'>habuit,</span> 
     </span>
     <span class='ocr_line' id='line_1_11' title="bbox 251 759 1747 814; baseline 0.004 -15"><span class='ocrx_word' id='word_1_77' title='bbox 251 763 316 813; x_wconf 89' lang='lat' dir='ltr'>qui</span> <span class='ocrx_word' id='word_1_78' title='bbox 357 761 397 799; x_wconf 92' lang='lat' dir='ltr'>in</span> <span class='ocrx_word' id='word_1_79' title='bbox 438 759 612 799; x_wconf 80' lang='lat' dir='ltr'>Ecclesia</span> <span class='ocrx_word' id='word_1_80' title='bbox 644 760 844 813; x_wconf 81' lang='lat' dir='ltr'>gignenda</span> <span class='ocrx_word' id='word_1_81' title='bbox 892 774 962 800; x_wconf 79' lang='lat' dir='ltr'>»se</span> <span class='ocrx_word' id='word_1_82' title='bbox 993 763 1042 801; x_wconf 86' lang='lat' dir='ltr'>ad</span> <span class='ocrx_word' id='word_1_83' title='bbox 1071 770 1228 814; x_wconf 84' lang='lat' dir='ltr'>captum</span> <span class='ocrx_word' id='word_1_84' title='bbox 1259 770 1439 803; x_wconf 83' lang='lat' dir='ltr'>nostrum</span> <span class='ocrx_word' id='word_1_85' title='bbox 1470 767 1747 810; x_wconf 85' lang='lat' dir='ltr'>accomodans,</span> 
     </span>
     <span class='ocr_line' id='line_1_12' title="bbox 251 830 1747 888; baseline 0.005 -21"><span class='ocrx_word' id='word_1_86' title='bbox 251 842 351 882; x_wconf 84' lang='lat' dir='ltr'>»pro</span> <span class='ocrx_word' id='word_1_87' title='bbox 381 830 603 868; x_wconf 80' lang='lat' dir='ltr'>admirabili</span> <span class='ocrx_word' id='word_1_88' title='bbox 635 843 704 869; x_wconf 91' lang='lat' dir='ltr'>sua</span> <span class='ocrx_word' id='word_1_89' title='bbox 734 831 1002 883; x_wconf 87' lang='lat' dir='ltr'>providentia,</span> <span class='ocrx_word' id='word_1_90' title='bbox 1033 832 1193 871; x_wconf 91' lang='lat' dir='ltr'>modum</span> <span class='ocrx_word' id='word_1_91' title='bbox 1234 836 1506 886; x_wconf 77' lang='lat' dir='ltr'>praescripsit,</span> <span class='ocrx_word' id='word_1_92' title='bbox 1546 848 1622 887; x_wconf 91' lang='lat' dir='ltr'>quo</span> <span class='ocrx_word' id='word_1_93' title='bbox 1661 849 1747 888; x_wconf 78' lang='lat' dir='ltr'>pro-</span> 
     </span>
     <span class='ocr_line' id='line_1_13' title="bbox 250 899 1747 955; baseline 0.005 -18"><span class='ocrx_word' id='word_1_94' title='bbox 250 900 343 938; x_wconf 86' lang='lat' dir='ltr'>»cul</span> <span class='ocrx_word' id='word_1_95' title='bbox 369 899 539 938; x_wconf 88' lang='lat' dir='ltr'>seiuncti</span> <span class='ocrx_word' id='word_1_96' title='bbox 566 899 614 938; x_wconf 88' lang='lat' dir='ltr'>ad</span> <span class='ocrx_word' id='word_1_97' title='bbox 641 913 731 938; x_wconf 90' lang='lat' dir='ltr'>cum</span> <span class='ocrx_word' id='word_1_98' title='bbox 758 901 1036 939; x_wconf 84' lang='lat' dir='ltr'>accederemus</span> <span class='ocrx_word' id='word_1_99' title='bbox 1054 901 1146 954; x_wconf 76' lang='grc'>23);”</span> <span class='ocrx_word' id='word_1_100' title='bbox 1176 901 1376 947; x_wconf 87' lang='lat' dir='ltr'>Calvinus,</span> <span class='ocrx_word' id='word_1_101' title='bbox 1406 904 1588 955; x_wconf 91' lang='lat' dir='ltr'>inquam,</span> <span class='ocrx_word' id='word_1_102' title='bbox 1617 905 1747 944; x_wconf 80' lang='lat' dir='ltr'>istius·</span> 
     </span>
     <span class='ocr_line' id='line_1_14' title="bbox 248 968 1749 1021; baseline 0.005 -15"><span class='ocrx_word' id='word_1_103' title='bbox 248 968 356 1007; x_wconf 91' lang='lat' dir='ltr'>modi</span> <span class='ocrx_word' id='word_1_104' title='bbox 387 968 615 1007; x_wconf 78' lang='lat' dir='ltr'>charactere</span> <span class='ocrx_word' id='word_1_105' title='bbox 647 970 820 1021; x_wconf 85' lang='lat' dir='ltr'>signavit</span> <span class='ocrx_word' id='word_1_106' title='bbox 845 969 1076 1014; x_wconf 85' lang='lat' dir='ltr'>Ecclesiam,</span> <span class='ocrx_word' id='word_1_107' title='bbox 1107 977 1151 1009; x_wconf 86' lang='lat' dir='ltr'>ut</span> <span class='ocrx_word' id='word_1_108' title='bbox 1176 979 1280 1009; x_wconf 87' lang='lat' dir='ltr'>esset</span> <span class='ocrx_word' id='word_1_109' title='bbox 1307 971 1516 1012; x_wconf 73' lang='lat' dir='ltr'>institutum</span> <span class='ocrx_word' id='word_1_110' title='bbox 1541 974 1749 1013; x_wconf 72' lang='lat' dir='ltr'>doctrinale</span> 
     </span>
     <span class='ocr_line' id='line_1_15' title="bbox 248 1037 1429 1094; baseline 0.002 -17"><span class='ocrx_word' id='word_1_111' title='bbox 248 1050 273 1077; x_wconf 83' lang='lat' dir='ltr'>a</span> <span class='ocrx_word' id='word_1_112' title='bbox 301 1038 377 1077; x_wconf 83' lang='lat' dir='ltr'>Deo</span> <span class='ocrx_word' id='word_1_113' title='bbox 407 1037 449 1076; x_wconf 75' lang='lat' dir='ltr'>in</span> <span class='ocrx_word' id='word_1_114' title='bbox 478 1042 673 1076; x_wconf 68' lang='lat' dir='ltr'>externum</span> <span class='ocrx_word' id='word_1_115' title='bbox 702 1038 752 1076; x_wconf 80' lang='lat' dir='ltr'>acl</span> <span class='ocrx_word' id='word_1_116' title='bbox 782 1038 940 1076; x_wconf 74' lang='lat' dir='ltr'>salutem</span> <span class='ocrx_word' id='word_1_117' title='bbox 968 1039 1130 1078; x_wconf 78' lang='lat' dir='ltr'>medium</span> <span class='ocrx_word' id='word_1_118' title='bbox 1159 1040 1348 1079; x_wconf 63' lang='lat' dir='ltr'>conditum</span> <span class='ocrx_word' id='word_1_119' title='bbox 1372 1041 1429 1094; x_wconf 55' lang='grc'>24).</span> 
     </span>
    </p>
   </div>
   <div class='ocr_carea' id='block_1_6' title="bbox 240 1173 1749 2267">
    <p class='ocr_par' dir='ltr' id='par_1_6' title="bbox 660 1173 1586 1259">
     <span class='ocr_line' id='line_1_16' title="bbox 660 1173 1329 1227; baseline 0.003 -15"><span class='ocrx_word' id='word_1_120' title='bbox 660 1174 687 1227; x_wconf 75' lang='lat'>§</span> <span class='ocrx_word' id='word_1_121' title='bbox 718 1175 752 1213; x_wconf 90' lang='lat'>7.</span> <span class='ocrx_word' id='word_1_122' title='bbox 810 1173 1002 1213; x_wconf 76' lang='lat' dir='ltr'>Ecclesiae</span> <span class='ocrx_word' id='word_1_123' title='bbox 1031 1175 1329 1226; x_wconf 74' lang='lat' dir='ltr'>fundamentmn.</span> 
     </span>
     <span class='ocr_line' id='line_1_17' title="bbox 1572 1240 1586 1259; baseline 0 0"><span class='ocrx_word' id='word_1_124' title='bbox 1572 1240 1586 1259; x_wconf 73' lang='grc' dir='ltr'>Ι</span> 
     </span>
    </p>

    <p class='ocr_par' dir='ltr' id='par_1_7' title="bbox 240 1312 1749 2267">
     <span class='ocr_line' id='line_1_18' title="bbox 303 1312 1749 1366; baseline 0.003 -16"><span class='ocrx_word' id='word_1_125' title='bbox 303 1312 497 1358; x_wconf 85' lang='lat' dir='ltr'>Quoniam</span> <span class='ocrx_word' id='word_1_126' title='bbox 542 1313 667 1364; x_wconf 81' lang='lat' dir='ltr'>igitur</span> <span class='ocrx_word' id='word_1_127' title='bbox 709 1312 885 1351; x_wconf 88' lang='lat' dir='ltr'>Ecclesia</span> <span class='ocrx_word' id='word_1_128' title='bbox 929 1313 1079 1353; x_wconf 88' lang='lat' dir='ltr'>Calvini</span> <span class='ocrx_word' id='word_1_129' title='bbox 1123 1315 1351 1353; x_wconf 88' lang='lat' dir='ltr'>institutum</span> <span class='ocrx_word' id='word_1_130' title='bbox 1395 1316 1526 1366; x_wconf 85' lang='lat' dir='ltr'>potius</span> <span class='ocrx_word' id='word_1_131' title='bbox 1565 1315 1749 1355; x_wconf 88' lang='lat' dir='ltr'>habenda</span> 
     </span>
     <span class='ocr_line' id='line_1_19' title="bbox 249 1382 1749 1436; baseline 0.003 -16"><span class='ocrx_word' id='word_1_132' title='bbox 249 1388 330 1426; x_wconf 89' lang='lat' dir='ltr'>est,</span> <span class='ocrx_word' id='word_1_133' title='bbox 369 1395 487 1433; x_wconf 85' lang='lat' dir='ltr'>quam</span> <span class='ocrx_word' id='word_1_134' title='bbox 527 1382 714 1426; x_wconf 85' lang='lat' dir='ltr'>societas,</span> <span class='ocrx_word' id='word_1_135' title='bbox 751 1382 964 1421; x_wconf 86' lang='lat' dir='ltr'>maluimus</span> <span class='ocrx_word' id='word_1_136' title='bbox 1001 1383 1104 1421; x_wconf 89' lang='lat' dir='ltr'>hanc</span> <span class='ocrx_word' id='word_1_137' title='bbox 1140 1387 1320 1422; x_wconf 66' lang='lat' dir='ltr'>*nostram</span> <span class='ocrx_word' id='word_1_138' title='bbox 1350 1383 1375 1436; x_wconf 55' lang='grc' dir='ltr'><em>ς</em></span> <span class='ocrx_word' id='word_1_139' title='bbox 1406 1384 1622 1423; x_wconf 86' lang='lat' dir='ltr'>inscribere</span> <span class='ocrx_word' id='word_1_140' title='bbox 1671 1385 1749 1424; x_wconf 84' lang='lat' dir='ltr'>»dc</span> 
     </span>
     <span class='ocr_line' id='line_1_20' title="bbox 250 1451 1748 1503; baseline 0.002 -13"><span class='ocrx_word' id='word_1_141' title='bbox 250 1451 479 1490; x_wconf 84' lang='lat' dir='ltr'>»Ecclesiae</span> <span class='ocrx_word' id='word_1_142' title='bbox 515 1451 806 1501; x_wconf 70' lang='lat' dir='ltr'>simdamcnto,”</span> <span class='ocrx_word' id='word_1_143' title='bbox 845 1465 963 1503; x_wconf 88' lang='lat' dir='ltr'>quam</span> <span class='ocrx_word' id='word_1_144' title='bbox 1009 1453 1086 1491; x_wconf 80' lang='lat' dir='ltr'>»de</span> <span class='ocrx_word' id='word_1_145' title='bbox 1116 1452 1314 1491; x_wconf 86' lang='lat' dir='ltr'>Ecclesiae</span> <span class='ocrx_word' id='word_1_146' title='bbox 1352 1453 1534 1492; x_wconf 76' lang='lat' dir='ltr'>vinculo.&#39;&#39;</span> <span class='ocrx_word' id='word_1_147' title='bbox 1589 1454 1748 1493; x_wconf 89' lang='lat' dir='ltr'>Utrum-</span> 
     </span>
     <span class='ocr_line' id='line_1_21' title="bbox 244 1521 1747 1573; baseline 0.002 -15"><span class='ocrx_word' id='word_1_148' title='bbox 244 1534 320 1573; x_wconf 89' lang='lat' dir='ltr'>que</span> <span class='ocrx_word' id='word_1_149' title='bbox 350 1521 490 1559; x_wconf 89' lang='lat' dir='ltr'>eodem</span> <span class='ocrx_word' id='word_1_150' title='bbox 518 1534 612 1559; x_wconf 86' lang='lat' dir='ltr'>sane</span> <span class='ocrx_word' id='word_1_151' title='bbox 638 1521 765 1564; x_wconf 82' lang='lat' dir='ltr'>redit,</span> <span class='ocrx_word' id='word_1_152' title='bbox 796 1521 864 1559; x_wconf 87' lang='lat' dir='ltr'>sed</span> <span class='ocrx_word' id='word_1_153' title='bbox 896 1528 956 1560; x_wconf 91' lang='lat' dir='ltr'>est</span> <span class='ocrx_word' id='word_1_154' title='bbox 982 1528 1116 1560; x_wconf 88' lang='lat' dir='ltr'>tamen</span> <span class='ocrx_word' id='word_1_155' title='bbox 1161 1522 1368 1560; x_wconf 78' lang='lat' dir='ltr'>»vinculi&#39;&#39;</span> <span class='ocrx_word' id='word_1_156' title='bbox 1397 1522 1632 1561; x_wconf 83' lang='lat' dir='ltr'>vocabulum</span> <span class='ocrx_word' id='word_1_157' title='bbox 1659 1536 1747 1561; x_wconf 88' lang='lat' dir='ltr'>cum</span> 
     </span>
     <span class='ocr_line' id='line_1_22' title="bbox 242 1590 1747 1643; baseline 0 -14"><span class='ocrx_word' id='word_1_158' title='bbox 242 1591 444 1629; x_wconf 89' lang='lat' dir='ltr'>societatis</span> <span class='ocrx_word' id='word_1_159' title='bbox 471 1591 639 1634; x_wconf 63' lang='lat' dir='ltr'>arctim,</span> <span class='ocrx_word' id='word_1_160' title='bbox 671 1590 975 1629; x_wconf 82' lang='lat' dir='ltr'>»fundamenti&#39;‘&#39;</span> <span class='ocrx_word' id='word_1_161' title='bbox 1006 1604 1094 1629; x_wconf 89' lang='lat' dir='ltr'>cum</span> <span class='ocrx_word' id='word_1_162' title='bbox 1120 1591 1294 1629; x_wconf 85' lang='lat' dir='ltr'>instituti</span> <span class='ocrx_word' id='word_1_163' title='bbox 1322 1592 1484 1629; x_wconf 89' lang='lat' dir='ltr'>notione</span> <span class='ocrx_word' id='word_1_164' title='bbox 1509 1591 1635 1643; x_wconf 82' lang='lat' dir='ltr'>magis</span> <span class='ocrx_word' id='word_1_165' title='bbox 1660 1603 1747 1629; x_wconf 89' lang='lat' dir='ltr'>con-</span> 
     </span>
     <span class='ocr_line' id='line_1_23' title="bbox 240 1659 1745 1700; baseline 0 -1"><span class='ocrx_word' id='word_1_166' title='bbox 240 1661 431 1699; x_wconf 88' lang='lat' dir='ltr'>iunctum.</span> <span class='ocrx_word' id='word_1_167' title='bbox 499 1659 579 1697; x_wconf 87' lang='lat' dir='ltr'>Iam</span> <span class='ocrx_word' id='word_1_168' title='bbox 623 1666 757 1697; x_wconf 83' lang='lat' dir='ltr'>autem</span> <span class='ocrx_word' id='word_1_169' title='bbox 802 1659 1002 1698; x_wconf 87' lang='lat' dir='ltr'>Ecclesiae</span> <span class='ocrx_word' id='word_1_170' title='bbox 1047 1659 1198 1698; x_wconf 83' lang='lat' dir='ltr'>Calvini</span> <span class='ocrx_word' id='word_1_171' title='bbox 1241 1660 1546 1699; x_wconf 83' lang='lat' dir='ltr'>fundamentum</span> <span class='ocrx_word' id='word_1_172' title='bbox 1591 1662 1745 1700; x_wconf 89' lang='lat' dir='ltr'>nullum</span> 
     </span>
     <span class='ocr_line' id='line_1_24' title="bbox 241 1729 1745 1781; baseline 0 -13"><span class='ocrx_word' id='word_1_173' title='bbox 241 1729 350 1768; x_wconf 87' lang='lat' dir='ltr'>aliud</span> <span class='ocrx_word' id='word_1_174' title='bbox 380 1730 528 1768; x_wconf 87' lang='lat' dir='ltr'>iactum</span> <span class='ocrx_word' id='word_1_175' title='bbox 559 1741 666 1773; x_wconf 89' lang='lat' dir='ltr'>esse,</span> <span class='ocrx_word' id='word_1_176' title='bbox 697 1741 813 1781; x_wconf 88' lang='lat' dir='ltr'>quam</span> <span class='ocrx_word' id='word_1_177' title='bbox 846 1743 866 1767; x_wconf 88' lang='grc'><strong>3</strong></span> <span class='ocrx_word' id='word_1_178' title='bbox 898 1729 979 1768; x_wconf 91' lang='lat' dir='ltr'>Deo</span> <span class='ocrx_word' id='word_1_179' title='bbox 1003 1730 1233 1768; x_wconf 86' lang='lat' dir='ltr'>hominibus</span> <span class='ocrx_word' id='word_1_180' title='bbox 1258 1731 1473 1769; x_wconf 82' lang='lat' dir='ltr'>revelatam</span> <span class='ocrx_word' id='word_1_181' title='bbox 1504 1730 1745 1775; x_wconf 88' lang='lat' dir='ltr'>doctrinam,</span> 
     </span>
     <span class='ocr_line' id='line_1_25' title="bbox 240 1797 1745 1851; baseline 0.001 -14"><span class='ocrx_word' id='word_1_182' title='bbox 240 1811 261 1837; x_wconf 92' lang='lat' dir='ltr'>e</span> <span class='ocrx_word' id='word_1_183' title='bbox 290 1798 411 1836; x_wconf 84' lang='lat' dir='ltr'>huius</span> <span class='ocrx_word' id='word_1_184' title='bbox 451 1797 649 1836; x_wconf 87' lang='lat' dir='ltr'>Ecclesiae</span> <span class='ocrx_word' id='word_1_185' title='bbox 690 1797 919 1837; x_wconf 84' lang='lat' dir='ltr'>charactere</span> <span class='ocrx_word' id='word_1_186' title='bbox 961 1800 1181 1844; x_wconf 82' lang='lat' dir='ltr'>necessarie</span> <span class='ocrx_word' id='word_1_187' title='bbox 1218 1800 1409 1850; x_wconf 84' lang='lat' dir='ltr'>sequitur.</span> <span class='ocrx_word' id='word_1_188' title='bbox 1468 1798 1632 1851; x_wconf 87' lang='lat' dir='ltr'>Saepius</span> <span class='ocrx_word' id='word_1_189' title='bbox 1661 1800 1745 1851; x_wconf 91' lang='lat' dir='ltr'>qui-</span> 
     </span>
     <span class='ocr_line' id='line_1_26' title="bbox 240 1867 1744 1912; baseline 0.001 -7"><span class='ocrx_word' id='word_1_190' title='bbox 240 1867 331 1906; x_wconf 89' lang='lat' dir='ltr'>dem</span> <span class='ocrx_word' id='word_1_191' title='bbox 372 1867 527 1906; x_wconf 90' lang='lat' dir='ltr'>biblicis</span> <span class='ocrx_word' id='word_1_192' title='bbox 568 1867 725 1906; x_wconf 86' lang='lat' dir='ltr'>dicendi</span> <span class='ocrx_word' id='word_1_193' title='bbox 765 1867 947 1906; x_wconf 83' lang='lat' dir='ltr'>formulis</span> <span class='ocrx_word' id='word_1_194' title='bbox 976 1869 1125 1912; x_wconf 82' lang='lat' dir='ltr'>utitur,</span> <span class='ocrx_word' id='word_1_195' title='bbox 1147 1875 1196 1907; x_wconf 83' lang='lat' dir='ltr'>ct</span> <span class='ocrx_word' id='word_1_196' title='bbox 1241 1868 1484 1907; x_wconf 80' lang='lat' dir='ltr'>»Ecclesiam</span> <span class='ocrx_word' id='word_1_197' title='bbox 1514 1869 1673 1906; x_wconf 89' lang='lat' dir='ltr'>nonnisi</span> <span class='ocrx_word' id='word_1_198' title='bbox 1705 1868 1744 1906; x_wconf 91' lang='lat' dir='ltr'>in</span> 
     </span>
     <span class='ocr_line' id='line_1_27' title="bbox 241 1937 1744 1989; baseline 0 -14"><span class='ocrx_word' id='word_1_199' title='bbox 241 1937 428 1976; x_wconf 82' lang='lat' dir='ltr'>»Christo</span> <span class='ocrx_word' id='word_1_200' title='bbox 467 1937 674 1975; x_wconf 85' lang='lat' dir='ltr'>fundatam</span> <span class='ocrx_word' id='word_1_201' title='bbox 708 1948 800 1975; x_wconf 84' lang='lat' dir='ltr'>‘csse</span> <span class='ocrx_word' id='word_1_202' title='bbox 829 1937 900 1989; x_wconf 84' lang='lat'>¹),&#39;&#39;</span> <span class='ocrx_word' id='word_1_203' title='bbox 946 1944 1135 1982; x_wconf 85' lang='lat' dir='ltr'>testatur;</span> <span class='ocrx_word' id='word_1_204' title='bbox 1190 1937 1419 1976; x_wconf 78' lang='lat' dir='ltr'>»Christum</span> <span class='ocrx_word' id='word_1_205' title='bbox 1459 1937 1621 1975; x_wconf 89' lang='lat' dir='ltr'>unicum</span> <span class='ocrx_word' id='word_1_206' title='bbox 1660 1950 1744 1976; x_wconf 88' lang='lat' dir='ltr'>esse</span> 
     </span>
     <span class='ocr_line' id='line_1_28' title="bbox 241 2006 1745 2059; baseline 0.001 -15"><span class='ocrx_word' id='word_1_207' title='bbox 241 2006 469 2045; x_wconf 58' lang='lat' dir='ltr'>”Ecclesiae</span> <span class='ocrx_word' id='word_1_208' title='bbox 500 2006 806 2044; x_wconf 81' lang='lat' dir='ltr'>fundamentum</span> <span class='ocrx_word' id='word_1_209' title='bbox 832 2006 906 2059; x_wconf 77' lang='grc'>2),”</span> <span class='ocrx_word' id='word_1_210' title='bbox 956 2006 1185 2045; x_wconf 83' lang='lat' dir='ltr'>»Christum</span> <span class='ocrx_word' id='word_1_211' title='bbox 1221 2007 1514 2045; x_wconf 87' lang='lat' dir='ltr'>coniunctionis</span> <span class='ocrx_word' id='word_1_212' title='bbox 1543 2007 1745 2046; x_wconf 85' lang='lat' dir='ltr'>vinculum</span> 
     </span>
     <span class='ocr_line' id='line_1_29' title="bbox 241 2075 1744 2128; baseline 0 -14"><span class='ocrx_word' id='word_1_213' title='bbox 241 2089 324 2115; x_wconf 88' lang='lat' dir='ltr'>esse</span> <span class='ocrx_word' id='word_1_214' title='bbox 354 2075 501 2114; x_wconf 84' lang='lat' dir='ltr'>factum</span> <span class='ocrx_word' id='word_1_215' title='bbox 528 2075 601 2128; x_wconf 69' lang='grc'>3);”</span> <span class='ocrx_word' id='word_1_216' title='bbox 640 2076 864 2120; x_wconf 85' lang='lat' dir='ltr'>Christum,</span> <span class='ocrx_word' id='word_1_217' title='bbox 894 2076 934 2114; x_wconf 93' lang='lat' dir='ltr'>in</span> <span class='ocrx_word' id='word_1_218' title='bbox 980 2089 1048 2114; x_wconf 88' lang='lat' dir='ltr'>sua</span> <span class='ocrx_word' id='word_1_219' title='bbox 1080 2077 1129 2115; x_wconf 87' lang='lat' dir='ltr'>ad</span> <span class='ocrx_word' id='word_1_220' title='bbox 1156 2076 1368 2115; x_wconf 82' lang='lat' dir='ltr'>Ecclesiam</span> <span class='ocrx_word' id='word_1_221' title='bbox 1395 2077 1610 2119; x_wconf 80' lang='lat' dir='ltr'>relatione.</span> <span class='ocrx_word' id='word_1_222' title='bbox 1640 2077 1744 2115; x_wconf 89' lang='lat' dir='ltr'>simi·</span> 
     </span>
     <span class='ocr_line' id='line_1_30' title="bbox 240 2145 1744 2198; baseline 0 -14"><span class='ocrx_word' id='word_1_223' title='bbox 240 2147 318 2184; x_wconf 89' lang='lat' dir='ltr'>lem</span> <span class='ocrx_word' id='word_1_224' title='bbox 355 2158 440 2184; x_wconf 89' lang='lat' dir='ltr'>esse</span> <span class='ocrx_word' id='word_1_225' title='bbox 481 2145 634 2189; x_wconf 84' lang='lat' dir='ltr'>arbori,</span> <span class='ocrx_word' id='word_1_226' title='bbox 675 2158 695 2183; x_wconf 93' lang='lat' dir='ltr'>e</span> <span class='ocrx_word' id='word_1_227' title='bbox 731 2157 809 2196; x_wconf 92' lang='lat' dir='ltr'>quo</span> <span class='ocrx_word' id='word_1_228' title='bbox 843 2145 947 2183; x_wconf 78' lang='lat' dir='ltr'>rami</span> <span class='ocrx_word' id='word_1_229' title='bbox 989 2147 1263 2184; x_wconf 79' lang='lat' dir='ltr'>extenduntur</span> <span class='ocrx_word' id='word_1_230' title='bbox 1293 2159 1609 2198; x_wconf 69' lang='lat' dir='ltr'>quaquaversu5‚</span> <span class='ocrx_word' id='word_1_231' title='bbox 1649 2147 1744 2190; x_wconf 89' lang='lat' dir='ltr'>soli,</span> 
     </span>
     <span class='ocr_line' id='line_1_31' title="bbox 243 2214 1744 2267; baseline 0 -13"><span class='ocrx_word' id='word_1_232' title='bbox 243 2215 347 2254; x_wconf 89' lang='lat' dir='ltr'>unde</span> <span class='ocrx_word' id='word_1_233' title='bbox 388 2214 488 2253; x_wconf 80' lang='lat' dir='ltr'>radii</span> <span class='ocrx_word' id='word_1_234' title='bbox 529 2214 744 2266; x_wconf 82' lang='lat' dir='ltr'>effulgent,</span> <span class='ocrx_word' id='word_1_235' title='bbox 787 2214 870 2253; x_wconf 87' lang='lat' dir='ltr'>sive</span> <span class='ocrx_word' id='word_1_236' title='bbox 915 2214 1015 2254; x_wconf 89' lang='lat' dir='ltr'>sonti</span> <span class='ocrx_word' id='word_1_237' title='bbox 1059 2216 1252 2267; x_wconf 90' lang='lat' dir='ltr'>denique,</span> <span class='ocrx_word' id='word_1_238' title='bbox 1299 2216 1403 2254; x_wconf 89' lang='lat' dir='ltr'>unde</span> <span class='ocrx_word' id='word_1_239' title='bbox 1448 2215 1639 2254; x_wconf 86' lang='lat' dir='ltr'>continuo</span> <span class='ocrx_word' id='word_1_240' title='bbox 1679 2216 1744 2254; x_wconf 87' lang='lat' dir='ltr'>de·-</span> 
     </span>
    </p>
   </div>
   <div class='ocr_carea' id='block_1_7' title="bbox 241 2430 1742 2964">
    <p class='ocr_par' dir='ltr' id='par_1_8' title="bbox 281 2430 1073 2473">
     <span class='ocr_line' id='line_1_32' title="bbox 281 2430 1073 2473; baseline 0.001 -12"><span class='ocrx_word' id='word_1_241' title='bbox 281 2430 321 2470; x_wconf 71' lang='lat'>20)</span> <span class='ocrx_word' id='word_1_242' title='bbox 347 2431 438 2472; x_wconf 70' lang='lat' dir='ltr'>Resp.</span> <span class='ocrx_word' id='word_1_243' title='bbox 463 2433 573 2462; x_wconf 75' lang='lat' dir='ltr'>contra</span> <span class='ocrx_word' id='word_1_244' title='bbox 596 2431 687 2472; x_wconf 56' lang='lat' dir='ltr'>Piala.</span> <span class='ocrx_word' id='word_1_245' title='bbox 714 2431 801 2462; x_wconf 88' lang='lat' dir='ltr'>Tom.</span> <span class='ocrx_word' id='word_1_246' title='bbox 827 2430 919 2463; x_wconf 90' lang='lat' dir='ltr'><strong>VIII.</strong></span> <span class='ocrx_word' id='word_1_247' title='bbox 944 2442 975 2473; x_wconf 83' lang='lat' dir='ltr'>p.</span> <span class='ocrx_word' id='word_1_248' title='bbox 1001 2431 1073 2462; x_wconf 80' lang='lat'>132.</span> 
     </span>
    </p>

    <p class='ocr_par' dir='ltr' id='par_1_9' title="bbox 280 2485 1129 2523">
     <span class='ocr_line' id='line_1_33' title="bbox 280 2485 1129 2523; baseline 0.002 -8"><span class='ocrx_word' id='word_1_249' title='bbox 280 2485 321 2523; x_wconf 65' lang='grc'>21)</span> <span class='ocrx_word' id='word_1_250' title='bbox 349 2485 458 2516; x_wconf 79' lang='lat' dir='ltr'>Comm.</span> <span class='ocrx_word' id='word_1_251' title='bbox 481 2485 514 2515; x_wconf 67' lang='lat' dir='ltr'>in</span> <span class='ocrx_word' id='word_1_252' title='bbox 540 2485 569 2517; x_wconf 84' lang='lat' dir='ltr'>l.</span> <span class='ocrx_word' id='word_1_253' title='bbox 598 2485 673 2517; x_wconf 69' lang='lat' dir='ltr'>Tim.</span> <span class='ocrx_word' id='word_1_254' title='bbox 698 2485 762 2517; x_wconf 87' lang='lat' dir='ltr'>III.</span> <span class='ocrx_word' id='word_1_255' title='bbox 789 2486 818 2516; x_wconf 78' lang='lat'>2.</span> <span class='ocrx_word' id='word_1_256' title='bbox 843 2485 930 2517; x_wconf 89' lang='lat' dir='ltr'>Tom.</span> <span class='ocrx_word' id='word_1_257' title='bbox 955 2485 1030 2517; x_wconf 92' lang='lat' dir='ltr'>VII.</span> <span class='ocrx_word' id='word_1_258' title='bbox 1054 2486 1129 2518; x_wconf 78' lang='lat'>451.</span> 
     </span>
    </p>

    <p class='ocr_par' dir='ltr' id='par_1_10' title="bbox 280 2538 1189 2582">
     <span class='ocr_line' id='line_1_34' title="bbox 280 2538 1189 2582; baseline 0.002 -13"><span class='ocrx_word' id='word_1_259' title='bbox 280 2538 320 2578; x_wconf 72' lang='lat'>22)</span> <span class='ocrx_word' id='word_1_260' title='bbox 349 2540 460 2571; x_wconf 83' lang='lat' dir='ltr'>Comm.</span> <span class='ocrx_word' id='word_1_261' title='bbox 485 2540 517 2570; x_wconf 70' lang='lat'>2772</span> <span class='ocrx_word' id='word_1_262' title='bbox 544 2542 603 2572; x_wconf 76' lang='lat' dir='ltr'>les.</span> <span class='ocrx_word' id='word_1_263' title='bbox 630 2540 722 2573; x_wconf 87' lang='lat' dir='ltr'>XLV.</span> <span class='ocrx_word' id='word_1_264' title='bbox 748 2541 800 2571; x_wconf 88' lang='lat'>14.</span> <span class='ocrx_word' id='word_1_265' title='bbox 825 2539 912 2572; x_wconf 88' lang='lat' dir='ltr'>Tom.</span> <span class='ocrx_word' id='word_1_266' title='bbox 938 2539 1020 2572; x_wconf 74' lang='lat' dir='ltr'>mh„</span> <span class='ocrx_word' id='word_1_267' title='bbox 1045 2551 1075 2582; x_wconf 89' lang='lat' dir='ltr'>p.</span> <span class='ocrx_word' id='word_1_268' title='bbox 1102 2540 1189 2572; x_wconf 66' lang='lat'>300³.</span> 
     </span>
    </p>

    <p class='ocr_par' dir='ltr' id='par_1_11' title="bbox 280 2594 615 2632">
     <span class='ocr_line' id='line_1_35' title="bbox 280 2594 615 2632; baseline 0.006 -7"><span class='ocrx_word' id='word_1_269' title='bbox 280 2594 320 2632; x_wconf 72' lang='grc'>23)</span> <span class='ocrx_word' id='word_1_270' title='bbox 346 2596 424 2626; x_wconf 71' lang='lat' dir='ltr'>Insl.</span> <span class='ocrx_word' id='word_1_271' title='bbox 450 2595 504 2626; x_wconf 88' lang='lat' dir='ltr'>IV.</span> <span class='ocrx_word' id='word_1_272' title='bbox 531 2596 559 2627; x_wconf 85' lang='lat'>1.</span> <span class='ocrx_word' id='word_1_273' title='bbox 586 2596 615 2627; x_wconf 87' lang='lat'>1.</span> 
     </span>
    </p>

    <p class='ocr_par' dir='ltr' id='par_1_12' title="bbox 241 2649 1742 2859">
     <span class='ocr_line' id='line_1_36' title="bbox 280 2649 1739 2693; baseline 0 -12"><span class='ocrx_word' id='word_1_274' title='bbox 280 2650 320 2689; x_wconf 66' lang='grc'>24)</span> <span class='ocrx_word' id='word_1_275' title='bbox 346 2650 393 2682; x_wconf 88' lang='lat' dir='ltr'>Cs.</span> <span class='ocrx_word' id='word_1_276' title='bbox 417 2649 560 2681; x_wconf 83' lang='lat' dir='ltr'>Titulum</span> <span class='ocrx_word' id='word_1_277' title='bbox 589 2650 644 2681; x_wconf 85' lang='lat' dir='ltr'>Ivi</span> <span class='ocrx_word' id='word_1_278' title='bbox 675 2650 697 2682; x_wconf 90' lang='lat' dir='ltr'>l.</span> <span class='ocrx_word' id='word_1_279' title='bbox 728 2652 806 2683; x_wconf 74' lang='lat' dir='ltr'>Inst.</span> <span class='ocrx_word' id='word_1_280' title='bbox 838 2653 869 2682; x_wconf 79' lang='lat' dir='ltr'>et</span> <span class='ocrx_word' id='word_1_281' title='bbox 895 2661 1004 2693; x_wconf 84' lang='lat' dir='ltr'>porro:</span> <span class='ocrx_word' id='word_1_282' title='bbox 1034 2659 1207 2682; x_wconf 78' lang='lat' dir='ltr'>SCHENKEL</span> <span class='ocrx_word' id='word_1_283' title='bbox 1230 2650 1295 2682; x_wconf 92' lang='grc' dir='ltr'>ο.1.</span> <span class='ocrx_word' id='word_1_284' title='bbox 1324 2650 1394 2688; x_wconf 84' lang='grc' dir='ltr'>ΙΙΙ,</span> <span class='ocrx_word' id='word_1_285' title='bbox 1426 2650 1487 2681; x_wconf 85' lang='grc'>103</span> <span class='ocrx_word' id='word_1_286' title='bbox 1513 2661 1571 2692; x_wconf 84' lang='lat' dir='ltr'>sq.,</span> <span class='ocrx_word' id='word_1_287' title='bbox 1606 2651 1668 2685; x_wconf 82' lang='lat'>176</span> <span class='ocrx_word' id='word_1_288' title='bbox 1696 2661 1739 2692; x_wconf 78' lang='lat' dir='ltr'>sq.</span> 
     </span>
     <span class='ocr_line' id='line_1_37' title="bbox 241 2703 1739 2750; baseline 0.001 -15"><span class='ocrx_word' id='word_1_289' title='bbox 241 2704 398 2736; x_wconf 82' lang='lat' dir='ltr'>DE&#39;VISME.</span> <span class='ocrx_word' id='word_1_290' title='bbox 429 2715 456 2735; x_wconf 88' lang='lat' dir='ltr'>o.</span> <span class='ocrx_word' id='word_1_291' title='bbox 488 2703 509 2736; x_wconf 95' lang='grc'>1.</span> <span class='ocrx_word' id='word_1_292' title='bbox 535 2715 563 2746; x_wconf 91' lang='lat' dir='ltr'>p.</span> <span class='ocrx_word' id='word_1_293' title='bbox 588 2706 608 2735; x_wconf 89' lang='lat'>4</span> <span class='ocrx_word' id='word_1_294' title='bbox 630 2705 673 2736; x_wconf 80' lang='lat' dir='ltr'>&#39;et</span> <span class='ocrx_word' id='word_1_295' title='bbox 700 2714 867 2738; x_wconf 80' lang='lat' dir='ltr'>SCHWALB.</span> <span class='ocrx_word' id='word_1_296' title='bbox 901 2717 927 2738; x_wconf 92' lang='lat'>0.</span> <span class='ocrx_word' id='word_1_297' title='bbox 951 2706 973 2737; x_wconf 93' lang='lat' dir='ltr'>l.</span> <span class='ocrx_word' id='word_1_298' title='bbox 1001 2716 1030 2747; x_wconf 81' lang='lat' dir='ltr'>p.</span> <span class='ocrx_word' id='word_1_299' title='bbox 1062 2706 1124 2737; x_wconf 85' lang='lat'>133</span> <span class='ocrx_word' id='word_1_300' title='bbox 1157 2704 1210 2746; x_wconf 88' lang='lat' dir='ltr'>qui</span> <span class='ocrx_word' id='word_1_301' title='bbox 1240 2704 1376 2736; x_wconf 72' lang='lat' dir='ltr'>ulterius</span> <span class='ocrx_word' id='word_1_302' title='bbox 1406 2705 1517 2742; x_wconf 86' lang='lat' dir='ltr'>etiam,</span> <span class='ocrx_word' id='word_1_303' title='bbox 1548 2715 1640 2747; x_wconf 86' lang='lat' dir='ltr'>quam</span> <span class='ocrx_word' id='word_1_304' title='bbox 1670 2716 1739 2750; x_wconf 70' lang='lat' dir='ltr'>nos,¹</span> 
     </span>
     <span class='ocr_line' id='line_1_38' title="bbox 242 2758 1742 2801; baseline 0.001 -12"><span class='ocrx_word' id='word_1_305' title='bbox 242 2758 444 2800; x_wconf 77' lang='lat' dir='ltr'>progreditur</span> <span class='ocrx_word' id='word_1_306' title='bbox 467 2758 538 2796; x_wconf 87' lang='lat' dir='ltr'>ubi,</span> <span class='ocrx_word' id='word_1_307' title='bbox 561 2759 665 2790; x_wconf 83' lang='lat' dir='ltr'>minus</span> <span class='ocrx_word' id='word_1_308' title='bbox 688 2762 770 2792; x_wconf 79' lang='lat' dir='ltr'>reete</span> <span class='ocrx_word' id='word_1_309' title='bbox 784 2763 819 2792; x_wconf 75' lang='lat' dir='ltr'>ut</span> <span class='ocrx_word' id='word_1_310' title='bbox 838 2761 976 2800; x_wconf 83' lang='lat' dir='ltr'>videtur,</span> <span class='ocrx_word' id='word_1_311' title='bbox 1002 2760 1095 2793; x_wconf 83' lang='lat' dir='ltr'>dicit:</span> <span class='ocrx_word' id='word_1_312' title='bbox 1123 2760 1226 2798; x_wconf 83' lang='lat' dir='ltr'>„Avec</span> <span class='ocrx_word' id='word_1_313' title='bbox 1249 2771 1310 2791; x_wconf 88' lang='lat' dir='ltr'>une</span> <span class='ocrx_word' id='word_1_314' title='bbox 1335 2759 1409 2791; x_wconf 80' lang='lat' dir='ltr'>telle</span> <span class='ocrx_word' id='word_1_315' title='bbox 1431 2760 1541 2791; x_wconf 85' lang='lat' dir='ltr'>notion</span> <span class='ocrx_word' id='word_1_316' title='bbox 1561 2760 1598 2791; x_wconf 87' lang='lat' dir='ltr'>de</span> <span class='ocrx_word' id='word_1_317' title='bbox 1610 2759 1742 2801; x_wconf 83' lang='lat' dir='ltr'>l&#39;Eglise</span> 
     </span>
     <span class='ocr_line' id='line_1_39' title="bbox 244 2812 1404 2859; baseline 0.001 -14"><span class='ocrx_word' id='word_1_318' title='bbox 244 2825 311 2852; x_wconf 76' lang='lat' dir='ltr'>„on</span> <span class='ocrx_word' id='word_1_319' title='bbox 335 2812 490 2852; x_wconf 58' lang='lat' dir='ltr'>s’esstonne,</span> <span class='ocrx_word' id='word_1_320' title='bbox 515 2824 573 2854; x_wconf 90' lang='lat' dir='ltr'>que</span> <span class='ocrx_word' id='word_1_321' title='bbox 597 2814 708 2846; x_wconf 84' lang='lat' dir='ltr'>Calviu</span> <span class='ocrx_word' id='word_1_322' title='bbox 734 2826 765 2846; x_wconf 89' lang='lat' dir='ltr'>se</span> <span class='ocrx_word' id='word_1_323' title='bbox 787 2816 849 2848; x_wconf 76' lang='lat' dir='ltr'>soit</span> <span class='ocrx_word' id='word_1_324' title='bbox 873 2815 980 2859; x_wconf 68' lang='lat' dir='ltr'>separe</span> <span class='ocrx_word' id='word_1_325' title='bbox 1004 2817 1040 2848; x_wconf 81' lang='lat' dir='ltr'>de</span> <span class='ocrx_word' id='word_1_326' title='bbox 1064 2815 1196 2857; x_wconf 85' lang='lat' dir='ltr'>l’Eglise</span> <span class='ocrx_word' id='word_1_327' title='bbox 1220 2814 1404 2848; x_wconf 86' lang='lat' dir='ltr'>Romaine.”</span> 
     </span>
    </p>

    <p class='ocr_par' dir='ltr' id='par_1_13' title="bbox 295 2862 1557 2913">
     <span class='ocr_line' id='line_1_40' title="bbox 295 2862 1557 2913; baseline 0.002 -14"><span class='ocrx_word' id='word_1_328' title='bbox 295 2869 320 2909; x_wconf 84' lang='grc'>1&gt;</span> <span class='ocrx_word' id='word_1_329' title='bbox 348 2869 461 2901; x_wconf 76' lang='lat' dir='ltr'>comm.</span> <span class='ocrx_word' id='word_1_330' title='bbox 484 2867 517 2899; x_wconf 67' lang='lat' dir='ltr'><em>m</em></span> <span class='ocrx_word' id='word_1_331' title='bbox 541 2868 559 2899; x_wconf 85' lang='lat'>1</span> <span class='ocrx_word' id='word_1_332' title='bbox 589 2869 640 2904; x_wconf 69' lang='grc' dir='ltr'>σο.</span> <span class='ocrx_word' id='word_1_333' title='bbox 663 2870 726 2902; x_wconf 88' lang='lat'>111.</span> <span class='ocrx_word' id='word_1_334' title='bbox 753 2872 806 2904; x_wconf 86' lang='lat'>11.</span> <span class='ocrx_word' id='word_1_335' title='bbox 940 2872 965 2912; x_wconf 80' lang='grc'>2)</span> <span class='ocrx_word' id='word_1_336' title='bbox 991 2871 1038 2904; x_wconf 90' lang='lat' dir='ltr'>Ib.</span> <span class='ocrx_word' id='word_1_337' title='bbox 1063 2871 1101 2904; x_wconf 77' lang='lat' dir='ltr'>cf.</span> <span class='ocrx_word' id='word_1_338' title='bbox 1130 2871 1240 2903; x_wconf 76' lang='lat' dir='ltr'>comm.</span> <span class='ocrx_word' id='word_1_339' title='bbox 1261 2862 1309 2902; x_wconf 75' lang='lat' dir='ltr'>&#39;ad</span> <span class='ocrx_word' id='word_1_340' title='bbox 1330 2871 1410 2913; x_wconf 59' lang='lat' dir='ltr'>Epa.</span> <span class='ocrx_word' id='word_1_341' title='bbox 1436 2870 1480 2903; x_wconf 84' lang='grc' dir='ltr'>Π.</span> <span class='ocrx_word' id='word_1_342' title='bbox 1506 2870 1557 2902; x_wconf 81' lang='lat'>20.</span> 
     </span>
    </p>

    <p class='ocr_par' dir='ltr' id='par_1_14' title="bbox 296 2924 1256 2964">
     <span class='ocr_line' id='line_1_41' title="bbox 296 2924 1256 2964; baseline 0.001 -7"><span class='ocrx_word' id='word_1_343' title='bbox 296 2924 322 2964; x_wconf 75' lang='lat'>³)</span> <span class='ocrx_word' id='word_1_344' title='bbox 353 2925 463 2957; x_wconf 78' lang='lat' dir='ltr'>Comm.</span> <span class='ocrx_word' id='word_1_345' title='bbox 487 2924 521 2955; x_wconf 74' lang='lat' dir='ltr'>in</span> <span class='ocrx_word' id='word_1_346' title='bbox 544 2924 630 2958; x_wconf 85' lang='lat' dir='ltr'>Rom.</span> <span class='ocrx_word' id='word_1_347' title='bbox 654 2925 728 2957; x_wconf 87' lang='lat' dir='ltr'>XII.</span> <span class='ocrx_word' id='word_1_348' title='bbox 754 2927 784 2958; x_wconf 87' lang='lat'>4.</span> <span class='ocrx_word' id='word_1_349' title='bbox 1055 2931 1059 2934; x_wconf 85' lang='lat'>&#39;</span> <span class='ocrx_word' id='word_1_350' title='bbox 1150 2949 1154 2953; x_wconf 88' lang='lat'>-</span> <span class='ocrx_word' id='word_1_351' title='bbox 1254 2951 1256 2953; x_wconf 49' lang='lat'>&gt;</span> 
     </span>
    </p>
   </div>
  </div>
 </body>
</html>
