1849 3239
970 100 1048 138 148

266 233 523 274 admittendis
566 234 681 273 sociis
717 234 931 284 diligenter
969 232 1362 284 circumspiciendum
1403 240 1482 277 est,
1517 237 1753 284 inquantum

264 303 440 342 moribus
455 303 623 342 'honesti
650 303 748 346 sint,
776 302 842 352 qui
870 300 1066 339 Ecclesiae
1084 300 1323 339 Societatem
1339 308 1531 352 expetunt
1544 302 1582 354 3).
1623 301 1753 346 Quum

263 379 401 410 contra
445 372 674 424 disciplinae
719 383 792 409 usu
837 370 886 408 ob
930 370 1132 408 doctrinae
1176 370 1461 408 dissensionem
1504 370 1662 409 eiicitur
1705 383 1752 408 ex

262 438 436 479 Ecclesia
474 453 613 484 nemo,
651 439 840 491 quamdiu
881 438 985 477 Petri
1026 440 1240 478 solemnem
1270 440 1319 478 de
1350 439 1504 491 Christo
1535 426 1752 478 Confessio-

262 520 352 547 nem
392 522 501 547 suam
529 509 642 553 facit,
683 509 723 546 in
753 515 939 560 promptu
968 515 1027 547 est
1058 508 1106 546 ob
1137 508 1302 547 subtiles
1331 508 1536 547 doctrinae
1565 509 1752 547 minutias

261 576 310 614 ab
341 578 509 616 Ecclesia
540 577 752 623 arcendum
784 590 868 616 csse
899 578 1156 630 nc11111101114).
1214 577 1264 616 Ut
1295 584 1427 616 tamen
1458 578 1647 616 decenter
1672 590 1751 616 om·

259 646 323 683 nia
349 653 388 684 et
420 647 558 685 ordine
589 647 630 685 in
660 646 832 685 Ecclesia
863 648 998 699 peragi
1029 653 1196 698 queant,
1227 660 1343 685 nemo
1373 647 1413 685 in
1445 647 1637 686 Ecclesiae
1668 659 1751 685 cor-

258 726 330 765 pus
368 715 489 754 inseri
528 722 678 767 potest,
718 717 814 767 quin
848 717 954 754 ultro
1011 716 1270 767 »disciplinae
1310 715 1606 755 Ecclesiasticac
1636 728 1676 754 se
1708 728 1752 753 ac

258 791 427 834 »sponte
457 796 527 823 sua
556 784 783 830 subiiciat‚”
814 793 854 823 et
883 797 954 837 pro
984 786 1179 823 axiomate
1209 787 1337 824 valeat
1355 786 1402 838 ⁵),
1461 798 1644 830 »omnes‚
1684 785 1751 836 qui

258 853 479 891 »traditum
509 867 530 892 a
561 854 717 892 Christo
748 861 788 893 et
814 855 923 893 verbi
950 862 990 893 et
1016 863 1353 893 sacramentorum
1379 855 1645 893 ministerium
1672 866 1750 892 non

258 922 427 961 »volunt
462 935 698 975 agnoscere,
739 937 805 963 eos
836 924 935 962 nihil
964 936 1125 976 prorsus
1154 937 1283 976 neque
1314 924 1363 962 ad
1393 923 1592 962 Christum
1622 935 1750 974 neque

257 991 334 1029 »ad
382 990 477 1031 Eius
516 992 730 1031 Ecclesiam
770 994 971 1045 pertinere
988 981 1055 1046 ⁰).'''
1117 992 1358 1032 Nativitatus
1397 1005 1514 1045 porro
1554 992 1751 1031 Ecclesiae

256 1061 457 1100 societatis
501 1063 586 1101 iure
635 1063 824 1102 fruuntur
870 1063 985 1102 liberi
1013 1063 1224 1114 fidelium,
1290 1070 1428 1102 »want
1467 1064 1516 1102 dc
1554 1063 1751 1101 kinderen

256 1131 383 1169 »oock
421 1132 536 1171 mede
575 1134 614 1171 in
654 1134 703 1172 de
742 1133 984 1185 ghcmeynte
1025 1131 1128 1171 Gods
1168 1139 1226 1172 tot
1261 1133 1330 1172 des
1362 1133 1516 1171 Heeren
1548 1132 1750 1171 verbonde

255 1199 487 1239 »beliooren
504 1201 599 1252 ⁷);⁷'
655 1215 775 1252 quare
830 1209 1000 1253 testatur
1038 1204 1057 1240 a
1098 1201 1221 1241 Lasco
1292 1203 1465 1240 »liberos
1505 1209 1661 1254 nostrqs
1708 1202 1749 1239 in

256 1267 459 1308 »Ecclesia
499 1278 655 1309 sanctos
694 1284 779 1309 csse
796 1271 869 1324 8),''
909 1279 948 1310 et
988 1273 1114 1310 socios
1172 1285 1220 1310 »e
1262 1272 1342 1310 suis
1372 1272 1516 1311 lumbis
1547 1272 1649 1310 filios
1680 1270 1749 1309 Dei

256 1339 522 1390 »progignere
539 1340 607 1391 ⁹).”
666 1339 704 1379 Si
751 1341 956 1392 quaeritur
998 1342 1189 1391 denique:
1254 1341 1492 1380 »Undenam
1536 1342 1576 1379 in
1622 1342 1751 1379 animo

258 1414 356 1445 »tuo
387 1421 598 1459 persuasus
633 1422 674 1447 es
705 1416 743 1448 te
775 1422 912 1448 revera
944 1422 1027 1448 esse
1061 1409 1282 1447 membrum
1313 1409 1510 1448 Ecclesiae
1541 1409 1749 1448 Christi?''

253 1478 576 1528 respondendum
615 1485 767 1517 censet:
825 1477 993 1517 »Sentio
1024 1479 1145 1530 ipsius
1176 1479 1336 1529 spiritus
1366 1479 1490 1516 sancti
1522 1478 1751 1517 testimonio

256 1547 324 1585 »in
355 1548 498 1598 spiritu
527 1561 615 1587 meo
646 1549 788 1600 ipsius,
819 1549 925 1600 quod
955 1561 1040 1586 sum
1069 1547 1173 1587 filius
1203 1547 1273 1586 Dei
1304 1548 1426 1600 patris
1443 1548 1531 1600 ¹⁰).⁷⁷

611 1685 637 1738 ᾗ
668 1687 702 1724 2.
765 1685 959 1724 Sociorum
987 1686 1028 1724 in
1058 1685 1233 1724 Ecclesia
1261 1686 1395 1737 officia.

311 1822 555 1874 Quamquam
600 1824 808 1875 primariae
849 1825 889 1862 in
928 1816 1408 1878 Ecclesiapromovenda
1447 1829 1578 1874 partes
1617 1822 1666 1860 ab
1704 1822 1751 1859 iis

256 1893 526 1938 sustinentur,
565 1894 632 1944 qui
672 1894 926 1945 peculiariter
961 1894 1009 1932 ad
1048 1893 1088 1931 id
1129 1894 1255 1931 vocati
1295 1905 1450 1931 omnem
1490 1892 1611 1930 vitam
1642 1903 1751 1929 suam

254 1959 452 2000 Ecclesiae
498 1963 704 2001 commodo
748 1962 1005 2013 impendunt;
1051 1969 1173 2000 »sunt
1217 1969 1349 2000 tamen
1394 1960 1587 2012 quaedam
1627 1959 1752 2011 plebis

254 2043 440 2082 »quoque
480 2031 520 2069 in
559 2030 732 2070 Ecclesia
774 2031 917 2069 officia:
958 2043 1057 2082 quae
1098 2031 1146 2069 ab
1178 2030 1380 2072 omnibus,
1419 2030 1485 2080 qui
1523 2042 1593 2080 pro
1631 2042 1751 2067 mem-

253 2099 363 2138 »bris
393 2099 591 2138 Ecclesiae
621 2099 759 2137 haberi
791 2100 944 2143 volunt,
978 2100 1030 2136 ita
1063 2106 1155 2137 sunt
1185 2099 1415 2143 retinenda,
1446 2105 1490 2136 ut
1519 2110 1657 2136 eorum
1687 2110 1750 2136 eu-

253 2170 408 2208 »stodia
453 2169 501 2208 ad
539 2181 655 2207 usum
695 2169 923 2220 disciplinae
964 2169 1161 2220 pertineat
1197 2168 1377 2212 omnino;
1417 2180 1545 2218 neque
1582 2168 1630 2205 ad
1668 2168 1751 2206 illo-

252 2252 370 2277 »rum
409 2238 695 2290 negligentiam
734 2238 936 2275 conniveri
969 2238 1050 2276 ullo
1079 2238 1197 2276 modo
1228 2245 1296 2280 aut
1326 2237 1489 2282 debeat,
1520 2243 1588 2275 aut
1617 2238 1750 2288 possit.

253 2307 337 2347 »Ea
378 2320 473 2347 vero
512 2308 655 2358 partim
695 2307 906 2345 intuentur
945 2305 1067 2345 Deum
1108 2308 1235 2359 ipsum
1275 2308 1314 2345 in
1354 2307 1463 2344 cultu
1503 2313 1620 2357 atque
1661 2306 1749 2344 obe-

257 2377 436 2416 »dientia
476 2377 616 2428 ipsius:
661 2377 803 2428 partim
843 2376 1047 2414 ministros
1087 2375 1284 2415 Ecclesiae
1324 2376 1568 2428 publiceS..:
1607 2376 1750 2426 partim

256 2453 418 2485 »autem
457 2453 636 2484 mutuam
676 2445 845 2484 invicem
884 2445 1052 2484 fratrum
1092 2446 1132 2484 in
1172 2445 1346 2484 Ecclesia
1382 2446 1557 2484 omnium
1588 2445 1750 2499 societaf

305 2612 332 2652 3)
358 2612 470 2644 Forma
493 2622 531 2643 ac
553 2615 615 2644 rat.
639 2613 710 2645 min.
736 2613 834 2646 Lond.
858 2624 890 2655 p.
917 2614 988 2645 186.

307 2668 332 2707 4)
361 2668 407 2700 Ib.
433 2668 506 2702 167.
531 2668 577 2701 Cf.
606 2669 694 2711 Conf.
708 2669 793 2710 fidei
815 2681 845 2711 p.
871 2670 911 2701 19
937 2680 981 2710 sq.

307 2721 332 2761 ⁵)
360 2722 472 2754 Forma
501 2734 540 2755 ae
568 2727 628 2757 rat.
659 2725 730 2758 min.
764 2725 862 2756 Loml.
893 2736 924 2766 p.
958 2726 1031 2756 186.
1070 2723 1117 2755 Cf.
1143 2724 1184 2756 ib.
1218 2724 1290 2756 538.
1315 2726 1371 2768 Ep.
1396 2726 1440 2758 ad
1460 2727 1546 2758 Ball.
1578 2725 1659 2766 (Ser.
1683 2729 1748 2758 unt.

254 2775 311 2808 IV.
337 2778 382 2810 1³.
407 2779 507 2819 468).
1111 2778 1112 2781 ¹

307 2832 331 2872 6)
356 2833 412 2874 ΕΙ).
436 2833 481 2864 ad
501 2834 695 2867 aselanchtla.
721 2834 776 2875 (ib.
802 2835 846 2867 Π.
873 2836 917 2867 1³.
944 2836 1041 2873 500).
1177 2835 1214 2873 7)·
1231 2837 1298 2867 Cat.
1324 2835 1422 2867 Lond.
1449 2837 1521 2867 mai.
1545 2847 1574 2877 p.
1601 2836 1650 2867 99.

304 2886 330 2926 8)
356 2887 468 2919 Forma
501 2900 540 2921 ac
572 2892 634 2922 rat.
665 2891 736 2922 min.
772 2890 871 2922 Lond.
906 2902 936 2932 p.
972 2891 1044 2922 591.
1075 2890 1121 2933 Cf.
1156 2890 1198 2922 ib.
1229 2892 1301 2924 166.
1343 2891 1430 2933 Conf.
1451 2892 1534 2933 fidei
1562 2901 1592 2932 p.
1618 2892 1646 2924 6.
1679 2892 1749 2931 (HE-

250 2949 367 2973 RINGA.
393 2942 490 2983 5239).
626 2945 652 2985 ⁹)
678 2945 789 2977 Forma
813 2956 850 2977 ac
873 2948 934 2977 rat.
959 2946 1032 2977 min.
1057 2946 1157 2978 Lond.
1184 2957 1214 2987 Ι).
1241 2947 1314 2978 592.
1449 2946 1489 2986 ¹⁰)
1515 2945 1561 2979 Ib.
1586 2957 1616 2987 p.
1643 2945 1716 2979 167.
