1879 3239
931 88 983 126 48

212 221 525 260 »documentum
541 221 632 274 42),”
669 234 747 272 quo
784 222 973 259 certiores
1003 221 1217 260 reddamur
1273 235 1373 261 »nos
1403 225 1522 263 semel
1552 225 1593 264 in
1625 238 1704 264 om-

212 303 332 329 »nem
362 291 483 330 vitam
514 290 619 329 ablui
651 303 694 329 ac
724 290 884 342 purgari
901 289 982 343 4³).'’
1039 290 1148 329 Tunc
1177 291 1278 329 hanc
1303 304 1460 344 quoque
1486 294 1701 334 utilitatem

209 359 351 404 habet,
387 360 495 412 quod
552 366 756 398 »nostram
796 359 836 397 in
867 358 1025 398 Christo
1053 359 1401 401 mortificationem
1432 364 1606 403 ostendit
1635 359 1711 403 no-²

211 429 321 474 »bis,
351 436 470 480 atque
501 441 642 468 novam
672 430 713 467 in
744 440 790 466 co
816 428 1049 482 vitam'·'¹);”
1078 436 1119 468 et
1162 437 1301 469 »certo
1325 431 1439 470 nobis
1463 432 1704 472 tertificatur
1742 437 1746 441 '

210 510 319 536 »non
349 499 466 537 modo
495 499 535 536 in
567 510 723 536 omnem
751 503 921 536 mortem
952 504 991 536 et
1017 499 1139 538 vitam
1164 499 1311 539 Christi
1337 511 1408 538 nos
1434 501 1574 541 insitos
1599 514 1701 547 esse;

210 567 309 605 »sed
348 567 419 619 ipsi
456 567 611 605 Christo
646 566 781 605 unitos
810 579 914 612 esse,
953 574 998 606 ut
1029 569 1204 607 omnium
1235 568 1330 608 Eius
1360 569 1553 609 bonorum
1583 571 1703 623 parti-

209 636 344 687 »cipes
369 636 491 674 simus
508 635 589 688 ¹¹⁵).”
647 634 921 674 »Confessioni
961 637 1133 689 denique
1181 646 1340 677 nostrae
1381 640 1484 691 apud
1522 640 1702 678 homines

209 705 292 742 »sic
321 704 443 743 servit
473 703 711 755 Baptismus:
741 705 936 756 siquidem
971 712 1064 744 nota
1096 714 1175 751 est,
1207 720 1281 759 qua
1317 709 1445 759 palam
1471 708 1703 760 profitemur

209 774 382 825 »populo
412 772 482 810 Dei
513 774 712 811 accenseri
743 774 864 812 velle:
896 787 971 826 qua
1002 781 1195 814 testamur
1224 790 1296 816 nos
1321 778 1361 816 in
1387 778 1506 816 unius
1529 777 1599 816 Dei
1624 778 1703 816 cul-

207 859 222 877 n
238 850 342 887 tum,
386 843 428 880 in
472 855 592 880 unam
636 843 873 895 religionem
916 857 1005 882 cum
1046 845 1228 883 omnibus
1268 845 1501 885 Christianis
1540 859 1703 886 consen-

206 912 311 949 »tire
328 911 411 964 46),”
467 911 551 951 Etsi
596 913 720 965 igitur
771 920 922 952 tantam
971 914 1188 966 baptismus
1233 915 1273 953 in
1318 916 1485 954 salutem
1529 922 1704 954 nostram

204 980 349 1019 habeat
389 981 489 1027 vim,
529 988 720 1034 tantaque
756 983 808 1021 sit
848 984 933 1022 eius
963 984 1002 1021 in
1034 996 1190 1022 omnem
1220 984 1342 1022 vitam
1371 990 1548 1022 nostram
1577 984 1703 1023 effica-

204 1050 320 1095 citas,
348 1056 480 1096 tamen
507 1052 780 1103 gravissimam
826 1052 1041 1091 »iniuriam
1066 1053 1217 1092 faciunt
1242 1053 1491 1105 promissioni
1519 1053 1610 1098 Dci3
1636 1054 1703 1105 qui

205 1118 452 1159 »infant-ibus
482 1132 562 1158 non
593 1121 728 1159 tinctis
758 1121 949 1160 claudunt
978 1121 1073 1160 Eius
1094 1134 1262 1174 regnum
1279 1122 1381 1175 4⁷);''
1440 1123 1580 1174 »quasi
1606 1122 1704 1161 adeo

205 1190 481 1227 »necessarius
521 1197 626 1228 esset
666 1190 851 1242 baptismi
881 1203 992 1236 usus,
1023 1198 1068 1230 ut
1098 1193 1262 1243 periisse
1293 1192 1474 1243 protinus
1508 1192 1704 1230 existima-

205 1264 366 1302 »retur,
397 1259 459 1296 cui
489 1259 574 1297 eius
605 1259 813 1298 obtinendi
844 1259 1011 1298 facult-as
1041 1260 1223 1312 adempta
1254 1267 1314 1299 est
1331 1260 1421 1308 4²³).'’
1480 1243 1586 1299 Hinc¹
1608 1272 1704 1312 ergo

204 1339 325 1377 quum
361 1327 408 1365 iis
439 1326 559 1366 officit
590 1327 796 1373 Calvinus,
854 1330 951 1381 »qui
983 1330 1228 1368 ablutionem
1259 1336 1299 1369 et
1328 1330 1498 1368 salutem
1527 1335 1705 1377 nostram

204 1408 334 1446 »aqua
365 1395 501 1447 perfici
532 1402 674 1448 putant
691 1397 786 1450 4⁹)'’‚
817 1398 873 1436 ab
896 1398 1021 1437 altera
1050 1392 1162 1450 parte
1193 1406 1325 1438 tamen
1351 1410 1432 1436 non
1456 1397 1588 1436 minus
1610 1398 1706 1436 acri-

203 1471 266 1502 ter
290 1464 495 1503 invehitur
519 1466 560 1504 in
586 1478 674 1510 eos,
715 1483 730 1500 »
744 1467 812 1517 qui
832 1467 993 1519 impune
1015 1468 1215 1507 contemni
1237 1480 1351 1520 posse
1372 1466 1610 1518 baptismum
1623 1467 1705 1519 ⁵⁰)''

205 1532 428 1584 perhibent.
460 1533 682 1587 Baptismus
712 1537 819 1574 enim
864 1549 973 1575 »non
1004 1537 1112 1575 nudo
1143 1544 1299 1576 tantum
1330 1537 1553 1588 spectaculo
1582 1536 1705 1588 pascit

207 1603 391 1648 »oculos,
432 1603 500 1642 sed
531 1604 571 1642 in
602 1617 686 1643 rem
716 1611 967 1656 praesentem
997 1618 1069 1644 nos
1099 1606 1282 1651 adducit,
1312 1613 1373 1652 et,
1403 1605 1509 1657 quod
1538 1604 1705 1658 figurat,

208 1672 451 1712 »efficaciter
481 1674 597 1712 simul
628 1675 765 1726 implet
782 1674 871 1727 ⁵¹).''

261 1743 296 1791 β.
339 1742 393 1780 cle
423 1754 571 1781 sacra
601 1754 760 1781 coena.
805 1744 858 1782 1⁰.
888 1743 1077 1797 Definitio.
1123 1744 1239 1784 Sacra
1265 1757 1387 1784 coena
1417 1748 1707 1784 sacramentum

207 1818 289 1856 est,
347 1812 466 1850 »ideo
511 1825 531 1850 a
577 1812 732 1851 Christo
771 1812 1023 1859 institutum,
1060 1821 1106 1852 ut
1135 1815 1311 1866 corporis
1341 1821 1381 1853 et
1412 1814 1616 1865 sanguinis
1646 1812 1707 1851 sui

208 1882 596 1920 »communicatione
626 1881 787 1920 educari
818 1883 857 1920 in
887 1895 996 1934 spem
1025 1884 1142 1922 vitae'
1160 1890 1349 1922 aeternae
1377 1883 1526 1921 animas
1550 1889 1707 1920 nostras

210 1962 312 1989 »nos
343 1951 525 1995 doceret,
556 1951 676 2002 idque
706 1951 821 1990 nobis
845 1959 998 1991 certum
1023 1953 1212 1992 redderet
1228 1953 1314 2006 52).”
1344 1976 1396 1982 -—
1424 1953 1478 1991 2⁰.
1504 1951 1541 1990 S.
1567 1950 1708 1989 Coenae

209 2019 399 2058 elementa.
457 2018 494 2058 S.
535 2019 664 2059 Coena
703 2021 842 2060 itidem
881 2022 1038 2061 duobus
1077 2023 1285 2062 elementis
1323 2023 1573 2065 continetur,
1612 2031 1707 2071 quo-

208 2101 297 2127 rum
350 2089 458 2140 prius
514 2096 574 2128 est
624 2090 843 2140 promissio,
923 2104 1028 2142 »qua
1082 2103 1240 2131 carnem
1285 2104 1394 2130 suam
1439 2103 1531 2130 vere
1575 2089 1707 2128 eibum

210 2156 376 2211 1³(Iesus)
416 2164 589 2197 testatur
627 2166 667 2197 et
707 2160 942 2211 sanguinem
982 2173 1092 2199 suam
1132 2167 1290 2214 potum,
1340 2159 1484 2212 quibus
1513 2160 1555 2198 in
1585 2160 1707 2197 vitam

210 2232 444 2265 »aeternam
479 2228 699 2279 pascimur,
740 2241 816 2280 qua
847 2241 888 2268 se
918 2242 1060 2282 panem
1089 2231 1194 2269 vitae
1225 2229 1413 2275 affirmat,
1452 2229 1501 2267 de
1532 2240 1610 2280 quo
1639 2227 1706 2279 qui

249 2361 290 2401 ⁴¹⁴2)
315 2363 394 2394 Just.
419 2362 473 2395 IV.
500 2364 551 2396 15.
577 2364 606 2395 1.
742 2365 782 2404 ⁴3)
808 2367 888 2399 Inst.
912 2367 966 2399 IV.
992 2368 1043 2400 15.
1069 2367 1098 2399 3.
1123 2367 1160 2400 cs.
1188 2368 1298 2400 Comm.
1323 2367 1367 2399 ad
1388 2367 1467 2408 Epa.
1491 2365 1529 2397 V.
1554 2365 1606 2397 26.

249 2416 290 2456 ²¹⁴)
315 2419 394 2449 [πεί.
419 2418 475 2450 IV.
502 2419 553 2450 15.
580 2419 608 2450 5.
743 2420 783 2460 ⁴¹⁵)
809 2422 887 2455 Inst.
913 2422 967 2454 IV.
993 2423 1045 2455 15.
1071 2424 1099 2454 6·
1234 2423 1274 2463 46)
1299 2424 1378 2455 Inst.
1403 2421 1458 2454 IV.
1484 2422 1534 2453 15.
1561 2419 1612 2451 13-

249 2470 289 2511 ⁴7)
314 2472 369 2513 Ep.
397 2474 484 2504 Calv.
509 2473 569 2515 Op.
593 2474 679 2505 Tom.
705 2474 779 2507 IXb.
805 2476 896 2509 256b.
927 2477 964 2510 cf.
995 2478 1076 2510 Vera
1100 2479 1182 2511 Eccl.
1206 2478 1267 2520 ref.
1289 2480 1352 2509 rat.
1382 2477 1468 2509 Tom.
1492 2474 1586 2507 VIII.
1615 2471 1707 2506 300¹).

211 2528 242 2558 et
267 2527 376 2568 Reful.
403 2529 574 2561 Cathalz'm'.
598 2530 684 2562 Tom.
708 2530 801 2564 VIII.
826 2531 918 2565 3331).

250 2580 289 2621 48)
315 2582 394 2616 Inst.
419 2582 473 2616 IV.
500 2584 552 2615 16.
578 2584 629 2616 26.
654 2586 692 2617 cf.
718 2585 773 2618 IV.
799 2587 850 2619 15.
877 2587 928 2619 20.
961 2587 999 2619 cf.
1023 2588 1145 2620 Lettres
1168 2588 1207 2620 de
1233 2588 1317 2620 Calv.
1342 2588 1389 2620 ed.
1413 2594 1558 2619 BONNET.
1580 2584 1608 2615 I.
1631 2584 1705 2616 438.

250 2636 290 2676 49)
315 2639 394 2671 Imt.
419 2639 473 2671 IV.
499 2640 550 2671 15.
576 2640 606 2671 2.
630 2640 668 2672 cs.
694 2640 749 2671 IV.
775 2641 826 2673 15.
853 2642 904 2674 14.

251 2692 291 2732 50)
317 2694 396 2725 lust.
428 2694 482 2726 IV.
515 2695 566 2726 16.
603 2694 654 2726 26.
691 2694 729 2727 cf.
760 2695 816 2726 IV.
849 2696 901 2729 15.
932 2697 983 2729 14.
1009 2698 1068 2741 Ep.
1092 2698 1137 2730 ad
1156 2698 1189 2730 J.
1217 2699 1323 2730 Claub.
1347 2699 1433 2732 Tom.
1457 2697 1531 2731 be.
1562 2694 1651 2729 172²·
1675 2697 1706 2727 θίῑ

210 2747 273 2779 Ms.
302 2751 414 2780 Genea.
439 2748 521 2790 apud
545 2757 660 2780 HENRY
684 2749 729 2782 II.
753 2750 784 2781 S.
810 2750 882 2782 260.
1726 2749 1729 2753 ¹

250 2802 291 2843 ⁵¹)
318 2805 396 2835 Inst.
422 2803 476 2835 IV.
502 2804 553 2836 15.
579 2805 630 2836 14.
655 2805 693 2837 cf.
717 2814 892 2836 semmam,
915 2816 942 2839 ο.
959 2806 982 2838 1.
1006 2806 1034 2840 I.
1058 2808 1132 2843 457.
1157 2810 1188 2839 et
1211 2817 1344 2841 suumn.
1368 2820 1395 2840 ο.
1413 2809 1435 2841 l.
1458 2820 1488 2851 p.
1513 2811 1566 2842 14.

250 2856 290 2897 52)
319 2860 387 2890 Cat.
423 2860 497 2891 Gen.
529 2859 616 2892 Tom.
647 2859 740 2891 VIII.
776 2859 845 2892 2611.
881 2861 920 2892 cs.
956 2863 1076 2896 Dosz'J.
1119 2863 1166 2896 La
1193 2865 1297 2897 sainte
1327 2863 1409 2897 Οὲηε
1435 2864 1562 2908 d’aprbs
1587 2865 1706 2898 Calvin.

213 2910 330 2944 Strasb.
354 2911 450 2946 1857.
