1849 3239
810 119 860 158 97

88 260 203 308 eaput
233 254 429 294 Ecclesiae
460 258 631 306 caperet.
685 252 761 291 Res
790 266 810 292 e
842 254 944 292 votis
973 252 1109 296 cessit,
1148 257 1188 290 ct
1217 252 1383 290 solemni
1412 251 1575 291 decreto

88 325 280 365 sancitum
311 332 392 369 est,
422 325 494 363 soli
524 322 667 362 dehinc
698 323 933 362 consistorio
959 321 1327 362 excommunicandi
1352 327 1576 373 competere

86 396 167 439 ius,
195 394 280 433 sine
310 394 390 433 ulla
421 393 582 432 omnino
611 391 889 444 provocatione
913 392 952 444 ²).

137 600 284 646 Quodsi
315 601 355 639 in
392 600 470 639 fine
499 600 618 638 huius
647 600 833 638 sectionis
863 612 883 638 c
914 598 1027 637 nobis
1053 598 1276 650 quaeritur,
1306 608 1384 648 quo
1413 595 1573 634 nominc

81 669 276 715 Ecclesia,
307 683 423 722 quam
454 669 622 709 Genevis
651 669 830 708 condidit
861 668 1066 713 Calvinus,
1102 667 1261 706 differat
1291 665 1340 704 ab
1368 678 1414 704 ea
1443 664 1575 703 Eccle-

83 741 161 778 siae
191 740 385 792 imagine,
425 752 541 791 quam
580 739 621 777 in
651 739 806 791 scriptis
843 739 922 776 suis
962 737 1165 789 depinxit,
1206 736 1337 774 obiter
1367 733 1574 785 sequentia

80 809 291 852 observare
334 810 453 848 iuvat.
509 807 553 846 In
598 808 753 860 scriptis
797 807 946 847 Calvini
991 807 1190 845 societatis
1238 804 1458 843 characteri
1502 801 1576 841 etsi

79 878 333 917 levississima
363 877 529 929 vestigia
560 878 600 916 in
634 876 807 916 Ecclesia
843 883 1076 929 supersunt,
1115 888 1236 927 quum
1276 881 1413 913 contra
1453 870 1577 911 Gene-

81 947 260 985 vensium
291 946 464 985 Ecclesia
495 960 515 985 a
546 947 745 985 societatis
774 953 916 984 natura
946 957 1108 997 prorsus
1134 944 1323 983 abhorret
1353 950 1393 982 et
1423 953 1578 981 merum

80 1016 307 1054 institutum
338 1023 398 1054 est
427 1015 620 1055 habenda.
679 1015 806 1053 Habet
833 1014 1041 1068 Ecclesia,
1072 1026 1188 1064 quam
1222 1013 1264 1050 in
1295 1012 1451 1063 scriptis
1480 1011 1576 1050 ‹leli-

79 1091 171 1123 neat
203 1084 406 1128 Calvinus,
434 1084 541 1122 hunc
570 1083 644 1121 sibi
675 1083 919 1135 propositum
950 1082 1091 1126 finem,
1120 1088 1165 1120 ut
1190 1081 1348 1120 divinae
1374 1080 1578 1119 doctrinae

80 1161 310 1206 promoveat
340 1154 618 1192 auctoritatem
648 1159 687 1190 et
719 1152 1038 1190 observationem
1069 1150 1189 1189 huius
1228 1150 1432 1189 doctrinae
1468 1161 1577 1200 prac-

79 1230 285 1274 ceptorum
315 1223 354 1261 in
384 1223 465 1260 vita
496 1222 640 1273 exigat.
686 1221 878 1259 Similiter
902 1233 1061 1272 quoque
1088 1219 1378 1258 Genevensium
1404 1217 1578 1256 Ecclesia

78 1303 125 1330 eo
166 1292 314 1336 tendit,
358 1298 424 1336 ut,
469 1292 523 1329 1⁰.
563 1303 698 1329 omnes
742 1290 926 1329 dociliter
969 1289 1164 1327 imbibant
1208 1301 1294 1327 eam
1333 1287 1577 1330 doctrinam,

78 1350 194 1411 quam
225 1361 468 1399 verissimam
500 1373 520 1399 e
552 1373 660 1399 sacra
691 1360 885 1411 scriptura
916 1359 1114 1397 derivasse
1150 1357 1223 1396 sibi
1254 1357 1466 1397 videbatur
1496 1354 1578 1393 Cal-

76 1431 210 1475 vinus;
254 1431 310 1468 20.
340 1437 385 1468 ut
415 1430 591 1480 corrupti
621 1441 751 1467 mores
781 1429 1051 1480 corrigantur3
1096 1427 1152 1466 3⁰.
1182 1427 1356 1478 denique.
1390 1432 1435 1464 ut
1464 1424 1578 1463 effer-

77 1506 303 1538 vescentem
332 1499 577 1537 hilaritatem
603 1505 837 1549 compescat.
894 1497 1083 1541 Ecclesia,
1115 1497 1242 1547 qualis
1267 1509 1288 1534 c
1314 1495 1470 1547 scriptis
1496 1493 1578 1533 Cal-

78 1569 158 1607 vini
181 1569 449 1620 ‚cognoscitur
488 1568 659 1618 aliquam
698 1573 806 1605 certe
847 1567 1045 1605 sentiendi
1081 1566 1319 1616 dicendique
1348 1565 1578 1603 libertatem

78 1636 262 1676 fidelibus
293 1637 495 1681 concedit,
536 1649 651 1687 quam
693 1644 828 1675 contra
864 1637 1041 1687 undique
1071 1635 1409 1686 circumscriptam
1440 1634 1578 1685 depre-

79 1705 290 1744 hendimus
320 1706 361 1744 in
391 1705 564 1744 Ecclesia
595 1704 839 1750 Genevensi,
879 1718 978 1756 quae
1014 1717 1253 1756 magnopere
1286 1703 1579 1754 Theologorum

80 1774 119 1811 in
152 1774 296 1812 divinis
328 1775 555 1812 auctoritati
588 1774 756 1812 favebat,
815 1773 930 1812 Hisce
970 1780 1282 1812 consentaneum
1312 1773 1360 1827 in·
1383 1771 1578 1816 Ecclesia,

79 1856 196 1893 quam
236 1842 455 1881 theoretice
495 1843 680 1881 Calvinus
719 1843 948 1894 descripsit,
987 1843 1164 1894 ipsorum
1194 1842 1373 1881 fidelium
1403 1853 1578 1880 summac

78 1911 118 1949 in
159 1910 331 1950 Ecclesia
369 1912 588 1950 maiestatis
627 1912 728 1950 ratio
767 1911 939 1950 habetur
977 1912 1016 1950 in
1056 1912 1252 1963 eligendis
1286 1912 1499 1955 ministris,
1538 1911 1580 1949 in

78 1979 258 2018 doctrina
296 1981 596 2024 constituenda,
635 1987 679 2018 ut
714 1987 754 2018 et
784 1980 824 2018 in
855 1980 1086 2032 disciplinae
1116 1993 1201 2019 usu.
1259 1979 1404 2019 Contra
1434 1981 1475 2018 in
1505 1979 1576 2018 Ge-

79 2049 311 2087 nevensium
341 2048 515 2087 Ecclesia
546 2049 724 2087 fidelium
756 2050 840 2087 iura
867 2061 1028 2100 prorsus
1054 2050 1333 2101 negliguntur,
1365 2049 1442 2087 nisi
1472 2048 1578 2099 quod

78 2118 222 2156 tacitus
261 2118 310 2156 iis
349 2118 389 2156 in
424 2125 625 2169 pastorum
656 2118 861 2156 vocatione
892 2119 1149 2169 permittatur
1178 2130 1404 2156 consensus.
1462 2117 1577 2156 Nulla

79 2187 240 2225 omnino
270 2199 407 2225 eorum
438 2188 539 2226 ratio
569 2187 741 2226 habetur
771 2187 810 2224 in
846 2186 1041 2238 eligendis
1080 2187 1162 2225 sive
1203 2186 1454 2231 Senioribus,
1492 2187 1577 2225 sive

80 2254 281 2301 Diaconis,
317 2263 377 2301 et,
417 2257 524 2308 quod
564 2257 676 2308 peius
715 2257 857 2300 etiam,
895 2262 1053 2306 praeter
1092 2255 1272 2307 suffragii
1310 2256 1371 2294 ius
1400 2255 1578 2294 muneris

80 2337 235 2376 quoque
280 2326 366 2364 iure
410 2326 637 2378 privantur;
681 2332 721 2364 et
764 2325 1094 2377 presbyterorum
1138 2332 1378 2370 conventus,
1432 2325 1577 2377 quippe

81 2406 101 2431 a
122 2394 358 2445 magistratu
388 2407 408 2433 e
438 2396 675 2446 magistratu
705 2394 913 2446 eligendus
944 2393 1142 2433 Ecclesiae
1168 2393 1482 2446 repraesentatio
1511 2393 1579 2432 ha-

82 2461 165 2500 beri
197 2475 355 2514 prorsus
386 2464 544 2515 nequit,
584 2476 706 2516 quare
737 2470 844 2502 recte
875 2464 915 2501 in
946 2463 1080 2502 libello
1124 2462 1327 2502 »Ordonn.
1358 2463 1484 2502 Eccl.''
1522 2463 1580 2502 di·

82 2537 245 2569 cuntur:
279 2530 437 2570 Commis
465 2533 510 2570 de
541 2533 578 2571 la
611 2532 840 2583 Seiqnem’t'e.
897 2533 944 2570 In
984 2531 1175 2577 Ecclesia,
1215 2533 1341 2584 qualis
1371 2545 1391 2571 e
1422 2533 1579 2585 scriptis

82 2599 233 2640 Calvini
263 2601 535 2652 cognoscitur,
574 2609 774 2653 pastorum
816 2601 913 2640 ordo
952 2614 1030 2640 non
1068 2609 1146 2641 tam
1177 2603 1297 2654 longo
1327 2603 1454 2654 spatio
1484 2615 1576 2654 prae

84 2668 315 2708 Senioribus
354 2670 550 2721 dignitate
585 2672 774 2714 excellet,
814 2678 854 2709 ct
893 2671 1145 2722 aliquatenus
1179 2678 1287 2710 certe
1317 2672 1365 2710 ad
1397 2670 1581 2711 Seniores

76 2750 240 2789 quoquc
271 2745 311 2777 et
341 2738 533 2777 Diaconos
562 2740 767 2778 doctrinae
798 2752 890 2778 cura
921 2740 1107 2791 pertinet.
1165 2739 1274 2779 Inter
1312 2741 1417 2793 ipsos
1446 2747 1580 2779 autem

136 2899 162 2939 2)
186 2908 284 2930 DYER.
310 2899 376 2931 0.1.
402 2901 483 2939 144,
508 2901 586 2939 370,
612 2902 691 2940 373,
718 2902 791 2933 398.
816 2911 975 2935 LECHLER.
1006 2902 1073 2936 0.1.
1102 2902 1131 2934 S.
1158 2903 1209 2936 50.
1238 2911 1378 2936 GOEBEL.
1406 2915 1433 2937 o.
1449 2903 1472 2936 l.
1500 2903 1527 2935 I.
1551 2905 1581 2937 S.

86 2954 160 2986 312.
184 2956 342 2988 nevISME.
368 2955 436 2988 o.1.
461 2967 490 2998 p.
517 2956 567 2988 16.
593 2956 768 2989 conminus.
793 2968 820 2990 o.
839 2956 860 2989 1.
885 2967 916 2998 p.
939 2958 992 2989 42.

1436 3017 1450 3040 ⁷
