1849 3239
934 70 1013 111 134

224 226 239 242 n
254 220 409 259 semper
437 207 712 246 moderatione
741 205 963 257 canendum
994 213 1075 249 est,
1113 212 1158 244 ut
1188 205 1339 249 onmia,
1369 218 1471 256 quae
1500 211 1720 250 canuntur,

224 277 425 328 »intelligi
457 277 505 315 ab
535 276 717 314 omnibus
746 274 860 312 facile
890 273 1141 326 queantlss).”
1198 272 1327 317 Quare
1357 273 1618 313 vehementer
1646 274 1720 313 Ro-

223 346 471 385 mancnsium
512 349 672 382 cantum
711 341 909 392 improbat
938 341 979 378 in
1009 353 1178 391 quorum
1208 341 1471 379 conventibus
1500 342 1531 380 si
1562 343 1721 393 quando

225 414 368 453 Psalmi
398 419 612 455 canantur,
643 423 712 449 »50
739 410 924 448 beneemt
949 409 1019 448 het
1040 410 1252 448 krieschcn
1278 410 1351 448 der
1375 410 1623 462 zangheren,
1651 411 1735 450 het'

225 501 240 518 n
256 484 467 526 bolderen,
498 482 644 523 11111011,
677 487 904 530 tournoyen
930 479 1031 517 ende
1054 479 1271 517 rammelen
1294 479 1366 517 der
1390 481 1725 519 onverstandelic-

225 553 327 590 »ker
358 550 523 589 worden
554 549 624 586 het
655 555 796 599 gantze
827 547 1034 586 verstandt
1065 547 1174 591 dess,
1206 547 1274 586 dat
1304 547 1539 599 gezonghen
1571 550 1720 589 werdt:

226 622 336 659 »also
371 620 438 658 dat
469 617 658 656 waarlick
688 616 852 666 sehijnt,
883 617 950 654 dat
981 615 1029 654 de
1056 615 1235 654 Psalmen
1262 616 1358 655 daer
1383 617 1470 654 veel
1495 630 1604 656 incer
1629 618 1724 670 ghe-

225 689 426 727 »donncrt
457 687 559 725 ende
589 685 794 738 gheblaett
824 686 1011 729 werden,
1041 686 1118 724 dan
1149 686 1431 737 ghezonghen,
1457 699 1571 726 verre
1597 687 1629 726 is
1655 686 1725 726 het

226 759 322 796 »dat
347 769 438 795 men
464 755 643 807 zegglicn
668 755 847 799 moehte‚
874 755 1067 807 ghelezen
1094 755 1567 809 oswtghesproken17).'⁷
1609 755 1723 795 Prac-

228 834 288 865 ter
317 826 492 864 Psalmos
523 824 682 863 Davidis
711 825 785 862 alia
816 836 974 875 quoque
1004 825 1177 862 carmina
1207 837 1316 862 sacra
1346 825 1522 863 admittit
1540 823 1599 878 l²³).

279 909 309 934 c.
354 895 445 934 Dies
475 893 576 944 festi.
635 892 735 931 »Die
767 892 972 931 Dominico
1004 893 1052 931 ab
1084 893 1271 944 operibus
1296 893 1531 932 cessandum
1556 893 1661 939 est'',
1686 901 1727 933 et

225 965 362 1004 scdulo
394 963 464 1002 Dei
495 964 626 1001 cultus
658 962 931 1001 observandus
950 962 1005 1013 ¹⁹).
1044 961 1322 1013 ‘Reliquorum
1353 963 1510 1001 dierum
1534 963 1729 1001 festorum

225 1033 486 1073 celebrationi
525 1030 692 1070 Lascuin
732 1031 921 1070 invidisse
957 1032 1109 1083 potius,
1147 1044 1265 1082 quam
1299 1044 1348 1070 ex
1378 1032 1499 1070 animi
1529 1033 1730 1071 sententia

225 1104 389 1147 favisse,
429 1102 619 1154 suspicari
659 1101 752 1139 licet
782 1113 830 1139 ex
861 1100 922 1139 1115
952 1101 1038 1139 01115
1073 1101 1223 1139 verbis:
1281 1118 1295 1135 >³
1311 1102 1343 1140 si
1373 1102 1461 1152 quis
1490 1102 1575 1141 dies
1606 1101 1731 1140 sestus

228 1172 428 1214 »Incidat,
458 1172 571 1210 cuius
602 1170 827 1208 observatio
855 1169 920 1208 hic
950 1170 1127 1208 nondum
1156 1169 1305 1208 aboleri
1335 1170 1483 1221 potuit,
1513 1176 1605 1208 cett.
1621 1169 1708 1222 ²⁰).⁷'

282 1255 314 1279 a.
357 1240 517 1278 lemnia.
577 1239 704 1277 »Cum
730 1238 905 1277 Ecclesia
931 1239 1124 1277 ministris
1150 1251 1246 1290 opus
1272 1238 1415 1282 habet,
1444 1222 1637 1278 indicitu⁹r
1664 1253 1733 1291 pu-

228 1310 406 1348 »blicum
432 1309 628 1347 ieiunium
660 1308 735 1346 toti
766 1307 991 1352 Ecclesiae,
1021 1308 1360 1358 constituiturque
1390 1308 1474 1346 dics
1505 1315 1638 1346 certus
1663 1321 1735 1359 per

229 1395 243 1412 n
260 1375 543 1428 Senioi‘cs21).''
599 1374 670 1413 1110
715 1381 849 1413 autem
894 1375 957 1413 die
1016 1364 1134 1427 »post
1178 1375 1356 1426 publicas
1396 1388 1532 1426 preces
1571 1377 1734 1416 domum

229 1446 409 1486 »reversi
440 1445 570 1483 sobrie
601 1457 644 1482 ac
674 1444 886 1496 frugaliter
916 1445 1051 1482 vivant
1082 1444 1242 1487 fideles,
1273 1456 1316 1482 ac
1347 1444 1431 1482 sine
1457 1444 1545 1482 cibo
1572 1458 1615 1483 ac
1640 1453 1736 1497 potu

231 1515 310 1554 »ad
349 1527 555 1566 vesperam
595 1526 720 1565 usque
761 1512 972 1564 (quatenus
1013 1513 1054 1552 id
1084 1513 1271 1553 valetudo
1302 1513 1493 1565 cuiusque
1524 1515 1738 1567 permittit)

233 1585 370 1623 »diem
411 1584 524 1622 illum
564 1583 790 1634 transigant
806 1582 888 1635 22)''.
946 1581 1002 1621 Nc
1043 1590 1175 1621 tamen
1216 1582 1284 1621 fiat
1325 1595 1374 1620 ex
1404 1595 1522 1634 opere
1554 1591 1737 1635 operato,

233 1655 380 1692 leniter
419 1654 550 1705 potius
596 1653 645 1691 ad
692 1653 778 1690 01115
810 1651 1130 1691 observationem
1161 1651 1299 1690 fideles
1329 1651 1596 1690 exhortentur
1625 1651 1739 1690 mini-

232 1724 325 1767 stri,
356 1735 473 1774 quam
504 1730 548 1760 ut
578 1734 649 1774 pro
679 1721 917 1760 auctoritate
948 1735 1017 1760 sua
1046 1722 1255 1773 imperiose
1287 1733 1373 1759 eam
1403 1721 1565 1773 exigant
1581 1721 1639 1775 23).

289 1792 344 1831 Ι)0
375 1792 540 1843 reliquis
571 1791 715 1829 ritibus
745 1791 864 1829 sacris
895 1791 994 1828 nihil
1025 1798 1178 1829 certum
1209 1791 1484 1842 praescripsit.
1513 1798 1554 1830 et
1583 1792 1624 1830 in
1654 1791 1739 1829 uni-

237 1874 350 1900 verso
409 1861 778 1899 »caeremoniarum
820 1861 988 1899 candem
1024 1858 1191 1898 sormam
1228 1865 1580 1913 non'magnopere
1610 1861 1741 1912 requi-

240 1949 255 1965 »
270 1932 322 1969 rit
339 1930 385 1983 21’)
461 1930 568 1981 quod
609 1947 623 1962 n
640 1930 812 1967 varietas
843 1929 1038 1980 quaedam
1055 1930 1206 1967 rituum
1224 1929 1334 1967 utilis
1352 1930 1512 1980 quidem
1529 1936 1587 1969 est
1604 1930 1741 1969 adver-

238 2013 334 2038 »sus
360 1999 633 2038 Pharesai'cam
659 1999 999 2037 caeremoniarum
1027 1999 1262 2037 servitutem
1279 1998 1371 2051 25)”,
1398 2006 1438 2038 et
1473 2017 1488 2033 >2
1503 2012 1573 2038 sua
1598 2001 1742 2052 cuique

278 2143 318 2184 ¹⁶)
345 2142 393 2174 Ib.
417 2153 447 2184 p.
475 2142 547 2174 632.

277 2197 316 2238 17)
342 2199 389 2230 De
416 2198 511 2230 missa
531 2199 645 2240 papali
672 2209 701 2240 p.
728 2199 779 2230 18.
816 2198 863 2229 De
887 2209 1077 2239 organorum
1100 2210 1159 2230 usu
1183 2210 1336 2242 nusquam
1359 2200 1441 2243 apud
1464 2211 1535 2232 eum
1557 2202 1592 2233 fit
1616 2201 1745 2233 mentio.

243 2253 336 2284 Nunc
364 2253 457 2283 etiam
485 2254 654 2294 supersunt
682 2252 726 2284 1⁰.
753 2253 793 2284 26
822 2254 970 2285 Psalmen
997 2254 1076 2285 ende
1104 2253 1203 2285 ander
1224 2256 1440 2297 (slcesccnylaen,
1473 2256 1524 2288 die
1551 2267 1619 2288 men
1646 2257 1680 2287 in
1706 2256 1746 2288 de

244 2308 427 2349 chytltsehe
465 2306 648 2338 Ghemeente
682 2311 713 2338 ie
746 2308 876 2340 Londen
910 2320 974 2340 was
1002 2309 1269 2350 qhebruyckencle.
1311 2309 1408 2340 Lond.
1442 2310 1463 2340 4
1497 2310 1572 2351 Apr.
1603 2311 1688 2345 1557
1717 2313 1749 2342 et

242 2362 359 2393 Emdac
388 2361 430 2401 bij
463 2361 603 2392 Gellium
639 2361 773 2393 Ctemat.
806 2363 846 2393 28
882 2362 952 2395 Jan.
988 2363 1084 2394 1558.
1129 2362 1173 2393 20.
1203 2363 1328 2395 Andere
1362 2364 1402 2393 ‘26
1437 2365 1585 2396 Psalmen
1616 2365 1750 2397 Davldis

246 2418 426 2449 nieuweliclc
460 2418 691 2459 ioeqlzemcceekt
726 2418 769 2459 brj
801 2418 966 2449 denselven
1000 2419 1135 2449 meilleur
1161 2418 1192 2450 J.
1223 2419 1256 2450 U.
1287 2418 1499 2460 (Utenhoven)
1530 2421 1607 2452 ende
1641 2432 1684 2452 mc
1714 2422 1746 2453 in

249 2472 364 2503 clrzccke
391 2473 628 2514 wisshefflaeuen,
654 2475 704 2503 len
732 2475 821 2504 mette
849 2473 905 2504 der
931 2472 1220 2504 Neclerlandtseloer
1250 2473 1470 2515 Glaemeynten.
1497 2474 1539 2505 a0.
1564 2475 1659 2508 1559.
1685 2486 1708 2507 5.
1725 2475 1755 2508 1.·

246 2529 277 2558 et
304 2527 429 2567 typogr.
471 2526 514 2558 3⁰.
540 2527 579 2557 11
611 2527 710 2558 ander
737 2528 886 2559 Psalmen
913 2527 989 2559 door
1012 2528 1044 2558 J.
1078 2528 1112 2559 U.
1140 2528 1275 2558 authem-
1303 2527 1359 2558 der
1380 2528 1557 2570 Duytsclzer
1584 2531 1751 2573 Ghemeysn-

249 2585 301 2613 len
327 2581 529 2622 sanfflkboeclc.
555 2583 628 2612 cett.
654 2582 696 2611 a0.
722 2582 817 2614 1559.
843 2582 933 2613 Emd.
959 2581 1039 2612 Gell.
1064 2581 1163 2613 thm.

284 2635 323 2675 1ὃ)
349 2634 395 2667 Cf.
421 2634 639 2666 collectionem
663 2635 861 2666 Psalmorum
884 2635 919 2666 in
943 2638 1016 2667 nota
1041 2635 1092 2669 17.
1116 2636 1219 2677 primo
1243 2635 1311 2667 loeo
1336 2635 1524 2679 descriptam
1548 2648 1579 2679 p.
1605 2640 1656 2671 65.

287 2690 326 2729 19)
355 2692 423 2721 Cat.
448 2690 546 2722 Lond.
572 2691 644 2722 Μαί.
669 2701 701 2732 p.
726 2690 784 2729 27,
811 2692 862 2722 29.

285 2745 326 2784 2⁰)
350 2745 463 2776 Lorma
488 2756 526 2776 ac
550 2748 610 2777 rat.
636 2746 708 2777 min.
733 2746 831 2778 Loud.
856 2757 885 2788 p.
913 2747 963 2778 84.
1000 2746 1047 2779 Cf.
1072 2749 1175 2779 tamen
1199 2747 1241 2780 ib.
1266 2758 1295 2789 p.
1322 2749 1372 2780 58.

283 2800 324 2839 ²¹)
350 2799 397 2830 lb.
421 2810 451 2841 p.
479 2801 511 2832 δ.
646 2801 686 2841 ⁴2¹2)
712 2800 759 2832 Ib.
783 2812 812 2842 p.
839 2802 890 2833 15.
917 2801 962 2834 Cf.
988 2801 1030 2834 ib.
1055 2813 1085 2844 p.
1112 2803 1185 2835 558.
1221 2839 1226 2845 ⁸

284 2854 324 2894 23)
349 2853 396 2886 Ib.
420 2864 450 2895 p.
477 2855 557 2892 547,
583 2856 660 2894 556,
687 2856 762 2889 557.
898 2857 938 2897 2⁴)
966 2859 1027 2899 Ep.
1052 2858 1103 2889 ad.
1129 2859 1240 2892 Pellio.
1268 2860 1344 2900 (Ser.
1370 2862 1435 2892 ant.
1461 2859 1506 2891 Π.
1532 2859 1576 2892 1⁰.
1604 2859 1702 2900 532).

288 2909 328 2949 ²⁵)
355 2911 418 2951 Ep.
442 2911 487 2942 ad
508 2912 575 2944 ord.
600 2912 670 2944 Pol.
699 2911 757 2952 (lb.
786 2912 830 2943 11.
856 2912 902 2945 2²¹.
929 2906 1028 2953 7205.
