<?xml version="1.0" encoding="UTF-8"?>
<!DOCTYPE html PUBLIC "-//W3C//DTD XHTML 1.0 Transitional//EN"
    "http://www.w3.org/TR/xhtml1/DTD/xhtml1-transitional.dtd">
<html xmlns="http://www.w3.org/1999/xhtml" xml:lang="en" lang="en">
 <head>
  <title>
</title>
<meta http-equiv="Content-Type" content="text/html;charset=utf-8" />
  <meta name='ocr-system' content='tesseract 3.04.00' />
  <meta name='ocr-capabilities' content='ocr_page ocr_carea ocr_par ocr_line ocrx_word'/>
</head>
<body>
  <div class='ocr_page' id='page_1' title='image "./disquisitiohisto00kuyp_0099.png"; bbox 0 0 1849 3239; ppageno 0'>
   <div class='ocr_carea' id='block_1_1' title="bbox 847 73 896 112">
    <p class='ocr_par' dir='ltr' id='par_1_1' title="bbox 847 73 896 112">
     <span class='ocr_line' id='line_1_1' title="bbox 847 73 896 112; baseline 0 0"><span class='ocrx_word' id='word_1_1' title='bbox 847 73 896 112; x_wconf 87' lang='grc'>79</span> 
     </span>
    </p>
   </div>
   <div class='ocr_carea' id='block_1_2' title="bbox 127 205 1627 1290">
    <p class='ocr_par' dir='ltr' id='par_1_2' title="bbox 127 205 1627 1290">
     <span class='ocr_line' id='line_1_2' title="bbox 129 205 1621 259; baseline -0.001 -13"><span class='ocrx_word' id='word_1_2' title='bbox 129 214 383 259; x_wconf 80' lang='lat' dir='ltr'>»separatae,</span> <span class='ocrx_word' id='word_1_3' title='bbox 423 220 538 259; x_wconf 90' lang='lat' dir='ltr'>quam</span> <span class='ocrx_word' id='word_1_4' title='bbox 579 219 678 258; x_wconf 88' lang='lat' dir='ltr'>quae</span> <span class='ocrx_word' id='word_1_5' title='bbox 713 207 757 245; x_wconf 68' lang='lat' dir='ltr'>&gt;in</span> <span class='ocrx_word' id='word_1_6' title='bbox 797 219 877 244; x_wconf 91' lang='lat' dir='ltr'>uno</span> <span class='ocrx_word' id='word_1_7' title='bbox 907 205 1067 244; x_wconf 88' lang='lat' dir='ltr'>homine</span> <span class='ocrx_word' id='word_1_8' title='bbox 1097 205 1202 242; x_wconf 89' lang='lat' dir='ltr'>coire</span> <span class='ocrx_word' id='word_1_9' title='bbox 1233 212 1381 254; x_wconf 85' lang='lat' dir='ltr'>queant</span> <span class='ocrx_word' id='word_1_10' title='bbox 1405 205 1492 258; x_wconf 83' lang='lat'>²⁰),&#39;’</span> <span class='ocrx_word' id='word_1_11' title='bbox 1522 206 1621 244; x_wconf 89' lang='lat' dir='ltr'>adeo</span> 
     </span>
     <span class='ocr_line' id='line_1_3' title="bbox 127 273 1621 328; baseline -0.002 -14"><span class='ocrx_word' id='word_1_12' title='bbox 127 282 193 319; x_wconf 86' lang='lat' dir='ltr'>ut,</span> <span class='ocrx_word' id='word_1_13' title='bbox 238 276 334 326; x_wconf 81' lang='lat' dir='ltr'>»qui</span> <span class='ocrx_word' id='word_1_14' title='bbox 366 276 471 315; x_wconf 89' lang='lat' dir='ltr'>inter</span> <span class='ocrx_word' id='word_1_15' title='bbox 500 288 641 328; x_wconf 87' lang='lat' dir='ltr'>corpus</span> <span class='ocrx_word' id='word_1_16' title='bbox 670 282 710 313; x_wconf 92' lang='lat' dir='ltr'>et</span> <span class='ocrx_word' id='word_1_17' title='bbox 751 275 942 318; x_wconf 89' lang='lat' dir='ltr'>animam,</span> <span class='ocrx_word' id='word_1_18' title='bbox 980 274 1086 312; x_wconf 87' lang='lat' dir='ltr'>inter</span> <span class='ocrx_word' id='word_1_19' title='bbox 1124 279 1374 323; x_wconf 86' lang='lat' dir='ltr'>praesentem</span> <span class='ocrx_word' id='word_1_20' title='bbox 1410 273 1511 312; x_wconf 88' lang='lat' dir='ltr'>hanc</span> <span class='ocrx_word' id='word_1_21' title='bbox 1546 273 1621 311; x_wconf 86' lang='lat' dir='ltr'>flu-</span> 
     </span>
     <span class='ocr_line' id='line_1_4' title="bbox 128 339 1622 394; baseline -0.001 -12"><span class='ocrx_word' id='word_1_22' title='bbox 128 355 326 394; x_wconf 81' lang='lat' dir='ltr'>»xamque</span> <span class='ocrx_word' id='word_1_23' title='bbox 357 344 475 382; x_wconf 90' lang='lat' dir='ltr'>vitam</span> <span class='ocrx_word' id='word_1_24' title='bbox 507 350 547 382; x_wconf 89' lang='lat' dir='ltr'>et</span> <span class='ocrx_word' id='word_1_25' title='bbox 577 344 750 381; x_wconf 86' lang='lat' dir='ltr'>suturam</span> <span class='ocrx_word' id='word_1_26' title='bbox 781 341 886 380; x_wconf 91' lang='lat' dir='ltr'>illam</span> <span class='ocrx_word' id='word_1_27' title='bbox 919 348 1202 391; x_wconf 77' lang='lat' dir='ltr'>aeternamque</span> <span class='ocrx_word' id='word_1_28' title='bbox 1238 339 1465 380; x_wconf 87' lang='lat' dir='ltr'>discernere</span> <span class='ocrx_word' id='word_1_29' title='bbox 1505 354 1622 380; x_wconf 82' lang='lat' dir='ltr'>nove·</span> 
     </span>
     <span class='ocr_line' id='line_1_5' title="bbox 129 408 1622 463; baseline -0.001 -13"><span class='ocrx_word' id='word_1_30' title='bbox 129 429 145 446; x_wconf 85' lang='lat'>»</span> <span class='ocrx_word' id='word_1_31' title='bbox 159 413 232 457; x_wconf 91' lang='lat' dir='ltr'>rit,</span> <span class='ocrx_word' id='word_1_32' title='bbox 263 425 392 463; x_wconf 86' lang='lat' dir='ltr'>neque</span> <span class='ocrx_word' id='word_1_33' title='bbox 423 413 581 452; x_wconf 83' lang='lat' dir='ltr'>difficile</span> <span class='ocrx_word' id='word_1_34' title='bbox 610 411 809 462; x_wconf 74' lang='lat' dir='ltr'><strong>intelliget</strong></span> <span class='ocrx_word' id='word_1_35' title='bbox 840 411 1045 462; x_wconf 76' lang='lat' dir='ltr'>spirituale</span> <span class='ocrx_word' id='word_1_36' title='bbox 1074 408 1220 448; x_wconf 79' lang='lat' dir='ltr'>Christi</span> <span class='ocrx_word' id='word_1_37' title='bbox 1260 421 1427 460; x_wconf 86' lang='lat' dir='ltr'>regnum</span> <span class='ocrx_word' id='word_1_38' title='bbox 1461 417 1502 448; x_wconf 85' lang='lat' dir='ltr'>ct</span> <span class='ocrx_word' id='word_1_39' title='bbox 1530 410 1622 448; x_wconf 85' lang='lat' dir='ltr'>civi-</span> 
     </span>
     <span class='ocr_line' id='line_1_6' title="bbox 128 475 1623 531; baseline -0.002 -12"><span class='ocrx_word' id='word_1_40' title='bbox 128 481 235 519; x_wconf 80' lang='lat' dir='ltr'>»lem</span> <span class='ocrx_word' id='word_1_41' title='bbox 276 482 567 520; x_wconf 74' lang='lat' dir='ltr'>ordinationem</span> <span class='ocrx_word' id='word_1_42' title='bbox 607 493 670 519; x_wconf 89' lang='lat' dir='ltr'>res</span> <span class='ocrx_word' id='word_1_43' title='bbox 709 491 794 518; x_wconf 90' lang='lat' dir='ltr'>esse</span> <span class='ocrx_word' id='word_1_44' title='bbox 834 480 1047 531; x_wconf 85' lang='lat' dir='ltr'>plurimum</span> <span class='ocrx_word' id='word_1_45' title='bbox 1092 478 1281 529; x_wconf 84' lang='lat' dir='ltr'>sepositas</span> <span class='ocrx_word' id='word_1_46' title='bbox 1315 477 1400 531; x_wconf 72' lang='lat'>2¹).’&#39;</span> <span class='ocrx_word' id='word_1_47' title='bbox 1459 475 1529 515; x_wconf 92' lang='lat' dir='ltr'>Vel</span> <span class='ocrx_word' id='word_1_48' title='bbox 1569 478 1623 516; x_wconf 85' lang='lat' dir='ltr'>sie</span> 
     </span>
     <span class='ocr_line' id='line_1_7' title="bbox 128 546 1623 601; baseline -0.003 -13"><span class='ocrx_word' id='word_1_49' title='bbox 128 556 261 588; x_wconf 87' lang='lat' dir='ltr'>tamen</span> <span class='ocrx_word' id='word_1_50' title='bbox 292 551 398 590; x_wconf 89' lang='lat' dir='ltr'>inter</span> <span class='ocrx_word' id='word_1_51' title='bbox 427 559 641 601; x_wconf 89' lang='lat' dir='ltr'>utrumque</span> <span class='ocrx_word' id='word_1_52' title='bbox 672 549 769 588; x_wconf 88' lang='lat' dir='ltr'>haec</span> <span class='ocrx_word' id='word_1_53' title='bbox 799 548 1012 587; x_wconf 82' lang='lat' dir='ltr'>intercedit</span> <span class='ocrx_word' id='word_1_54' title='bbox 1043 547 1206 591; x_wconf 87' lang='lat' dir='ltr'>relatio,</span> <span class='ocrx_word' id='word_1_55' title='bbox 1230 554 1298 590; x_wconf 84' lang='lat' dir='ltr'>ut,</span> <span class='ocrx_word' id='word_1_56' title='bbox 1343 546 1623 598; x_wconf 86' lang='lat' dir='ltr'>»quemadmo-</span> 
     </span>
     <span class='ocr_line' id='line_1_8' title="bbox 129 615 1622 672; baseline -0.004 -14"><span class='ocrx_word' id='word_1_57' title='bbox 129 619 254 658; x_wconf 84' lang='lat' dir='ltr'>»dum</span> <span class='ocrx_word' id='word_1_58' title='bbox 290 621 547 672; x_wconf 84' lang='lat' dir='ltr'>magistratus</span> <span class='ocrx_word' id='word_1_59' title='bbox 582 629 750 670; x_wconf 82' lang='lat' dir='ltr'>pur-gare</span> <span class='ocrx_word' id='word_1_60' title='bbox 789 616 1004 655; x_wconf 82' lang='lat' dir='ltr'>Ecclesiam</span> <span class='ocrx_word' id='word_1_61' title='bbox 1044 616 1163 655; x_wconf 89' lang='lat' dir='ltr'>debet</span> <span class='ocrx_word' id='word_1_62' title='bbox 1198 615 1539 659; x_wconf 80' lang='lat' dir='ltr'>offendiculis,...</span> <span class='ocrx_word' id='word_1_63' title='bbox 1569 615 1622 652; x_wconf 91' lang='lat' dir='ltr'>ita</span> 
     </span>
     <span class='ocr_line' id='line_1_9' title="bbox 129 684 1624 738; baseline -0.004 -11"><span class='ocrx_word' id='word_1_64' title='bbox 129 687 270 727; x_wconf 73' lang='lat' dir='ltr'>»verbi</span> <span class='ocrx_word' id='word_1_65' title='bbox 300 689 565 727; x_wconf 84' lang='lat' dir='ltr'>ministerium</span> <span class='ocrx_word' id='word_1_66' title='bbox 591 687 771 725; x_wconf 86' lang='lat' dir='ltr'>sublevet</span> <span class='ocrx_word' id='word_1_67' title='bbox 795 687 1091 738; x_wconf 83' lang='lat' dir='ltr'>magistratum,</span> <span class='ocrx_word' id='word_1_68' title='bbox 1120 697 1170 723; x_wconf 88' lang='lat' dir='ltr'>ne</span> <span class='ocrx_word' id='word_1_69' title='bbox 1197 692 1275 723; x_wconf 89' lang='lat' dir='ltr'>tam</span> <span class='ocrx_word' id='word_1_70' title='bbox 1301 684 1416 722; x_wconf 89' lang='lat' dir='ltr'>multi</span> <span class='ocrx_word' id='word_1_71' title='bbox 1442 690 1624 735; x_wconf 81' lang='lat' dir='ltr'>peccent:</span> 
     </span>
     <span class='ocr_line' id='line_1_10' title="bbox 129 753 1625 807; baseline -0.003 -11"><span class='ocrx_word' id='word_1_72' title='bbox 129 757 213 796; x_wconf 85' lang='lat' dir='ltr'>»sic</span> <span class='ocrx_word' id='word_1_73' title='bbox 261 758 497 796; x_wconf 79' lang='lat' dir='ltr'>coniunctae</span> <span class='ocrx_word' id='word_1_74' title='bbox 537 756 685 795; x_wconf 87' lang='lat' dir='ltr'>debent</span> <span class='ocrx_word' id='word_1_75' title='bbox 725 768 808 794; x_wconf 87' lang='lat' dir='ltr'>esse</span> <span class='ocrx_word' id='word_1_76' title='bbox 854 767 1018 807; x_wconf 86' lang='lat' dir='ltr'>operae,</span> <span class='ocrx_word' id='word_1_77' title='bbox 1061 761 1105 793; x_wconf 87' lang='lat' dir='ltr'>ut</span> <span class='ocrx_word' id='word_1_78' title='bbox 1143 756 1266 793; x_wconf 88' lang='lat' dir='ltr'>altera</span> <span class='ocrx_word' id='word_1_79' title='bbox 1306 754 1356 792; x_wconf 92' lang='lat' dir='ltr'>sit</span> <span class='ocrx_word' id='word_1_80' title='bbox 1394 753 1625 792; x_wconf 87' lang='lat' dir='ltr'>adiumento</span> 
     </span>
     <span class='ocr_line' id='line_1_11' title="bbox 129 822 1626 880; baseline -0.004 -13"><span class='ocrx_word' id='word_1_81' title='bbox 129 829 292 873; x_wconf 56' lang='lat' dir='ltr'>»altem</span> <span class='ocrx_word' id='word_1_82' title='bbox 336 841 415 867; x_wconf 89' lang='lat' dir='ltr'>non</span> <span class='ocrx_word' id='word_1_83' title='bbox 459 828 743 880; x_wconf 87' lang='lat' dir='ltr'>impedimento</span> <span class='ocrx_word' id='word_1_84' title='bbox 774 827 854 879; x_wconf 77' lang='grc'>22)”.</span> <span class='ocrx_word' id='word_1_85' title='bbox 894 826 1067 865; x_wconf 83' lang='lat' dir='ltr'>Ecclesia</span> <span class='ocrx_word' id='word_1_86' title='bbox 1118 826 1399 877; x_wconf 75' lang='lat' dir='ltr'>»magistratus</span> <span class='ocrx_word' id='word_1_87' title='bbox 1429 822 1626 876; x_wconf 86' lang='lat' dir='ltr'>praesidio</span> 
     </span>
     <span class='ocr_line' id='line_1_12' title="bbox 128 891 1625 947; baseline -0.003 -12"><span class='ocrx_word' id='word_1_88' title='bbox 128 896 254 935; x_wconf 77' lang='lat' dir='ltr'>»fide-i</span> <span class='ocrx_word' id='word_1_89' title='bbox 282 897 351 937; x_wconf 90' lang='lat' dir='ltr'>Dei</span> <span class='ocrx_word' id='word_1_90' title='bbox 379 898 609 942; x_wconf 83' lang='lat' dir='ltr'>veritatem,</span> <span class='ocrx_word' id='word_1_91' title='bbox 638 897 705 935; x_wconf 90' lang='lat' dir='ltr'>ubi</span> <span class='ocrx_word' id='word_1_92' title='bbox 732 897 785 935; x_wconf 87' lang='lat' dir='ltr'>ita</span> <span class='ocrx_word' id='word_1_93' title='bbox 812 908 910 947; x_wconf 90' lang='lat' dir='ltr'>opus</span> <span class='ocrx_word' id='word_1_94' title='bbox 935 896 1033 939; x_wconf 88' lang='lat' dir='ltr'>erit,</span> <span class='ocrx_word' id='word_1_95' title='bbox 1063 894 1313 932; x_wconf 83' lang='lat' dir='ltr'>commende-t</span> <span class='ocrx_word' id='word_1_96' title='bbox 1332 893 1426 945; x_wconf 65' lang='grc'>23),”</span> <span class='ocrx_word' id='word_1_97' title='bbox 1457 891 1625 944; x_wconf 80' lang='lat' dir='ltr'>eogendi</span> 
     </span>
     <span class='ocr_line' id='line_1_13' title="bbox 129 961 1626 1018; baseline -0.003 -14"><span class='ocrx_word' id='word_1_98' title='bbox 129 973 263 1004; x_wconf 88' lang='lat' dir='ltr'>autem</span> <span class='ocrx_word' id='word_1_99' title='bbox 293 973 532 1018; x_wconf 87' lang='lat' dir='ltr'>potestatem</span> <span class='ocrx_word' id='word_1_100' title='bbox 563 979 642 1005; x_wconf 88' lang='lat' dir='ltr'>non</span> <span class='ocrx_word' id='word_1_101' title='bbox 674 966 757 1016; x_wconf 89' lang='lat' dir='ltr'>ipsa</span> <span class='ocrx_word' id='word_1_102' title='bbox 783 964 857 1003; x_wconf 86' lang='lat' dir='ltr'>sibi</span> <span class='ocrx_word' id='word_1_103' title='bbox 884 970 1065 1015; x_wconf 80' lang='lat' dir='ltr'>arroget,</span> <span class='ocrx_word' id='word_1_104' title='bbox 1094 975 1224 1013; x_wconf 88' lang='lat' dir='ltr'>neque</span> <span class='ocrx_word' id='word_1_105' title='bbox 1254 968 1414 1014; x_wconf 87' lang='lat' dir='ltr'>appetat</span> <span class='ocrx_word' id='word_1_106' title='bbox 1444 961 1626 1006; x_wconf 88' lang='lat' dir='ltr'>omnino,</span> 
     </span>
     <span class='ocr_line' id='line_1_14' title="bbox 128 1030 1626 1087; baseline -0.004 -13"><span class='ocrx_word' id='word_1_107' title='bbox 128 1035 200 1073; x_wconf 87' lang='lat' dir='ltr'>sed</span> <span class='ocrx_word' id='word_1_108' title='bbox 230 1048 251 1073; x_wconf 87' lang='lat' dir='ltr'>a</span> <span class='ocrx_word' id='word_1_109' title='bbox 282 1036 516 1087; x_wconf 82' lang='lat' dir='ltr'>magistratu</span> <span class='ocrx_word' id='word_1_110' title='bbox 548 1047 619 1073; x_wconf 90' lang='lat' dir='ltr'>suo</span> <span class='ocrx_word' id='word_1_111' title='bbox 650 1035 736 1072; x_wconf 86' lang='lat' dir='ltr'>iure</span> <span class='ocrx_word' id='word_1_112' title='bbox 767 1034 954 1084; x_wconf 83' lang='lat' dir='ltr'>impetret</span> <span class='ocrx_word' id='word_1_113' title='bbox 980 1032 1041 1084; x_wconf 60' lang='grc'>24).</span> <span class='ocrx_word' id='word_1_114' title='bbox 1098 1031 1204 1070; x_wconf 81' lang='lat' dir='ltr'>Fieri</span> <span class='ocrx_word' id='word_1_115' title='bbox 1235 1043 1349 1083; x_wconf 88' lang='lat' dir='ltr'>posse</span> <span class='ocrx_word' id='word_1_116' title='bbox 1385 1038 1429 1069; x_wconf 89' lang='lat' dir='ltr'>ut</span> <span class='ocrx_word' id='word_1_117' title='bbox 1468 1030 1517 1069; x_wconf 90' lang='lat' dir='ltr'>de</span> <span class='ocrx_word' id='word_1_118' title='bbox 1551 1030 1626 1068; x_wconf 90' lang='lat' dir='ltr'>hoc</span> 
     </span>
     <span class='ocr_line' id='line_1_15' title="bbox 130 1098 1627 1155; baseline -0.005 -12"><span class='ocrx_word' id='word_1_119' title='bbox 130 1105 193 1142; x_wconf 85' lang='lat' dir='ltr'>vel</span> <span class='ocrx_word' id='word_1_120' title='bbox 223 1104 290 1142; x_wconf 91' lang='lat' dir='ltr'>illo</span> <span class='ocrx_word' id='word_1_121' title='bbox 321 1105 525 1143; x_wconf 89' lang='lat' dir='ltr'>doctrinae</span> <span class='ocrx_word' id='word_1_122' title='bbox 556 1104 704 1155; x_wconf 88' lang='lat' dir='ltr'>capite,</span> <span class='ocrx_word' id='word_1_123' title='bbox 734 1114 813 1141; x_wconf 88' lang='lat' dir='ltr'>non</span> <span class='ocrx_word' id='word_1_124' title='bbox 843 1102 1097 1140; x_wconf 84' lang='lat' dir='ltr'>consentiens</span> <span class='ocrx_word' id='word_1_125' title='bbox 1121 1101 1260 1152; x_wconf 88' lang='lat' dir='ltr'>utique</span> <span class='ocrx_word' id='word_1_126' title='bbox 1286 1100 1472 1138; x_wconf 89' lang='lat' dir='ltr'>audiatur</span> <span class='ocrx_word' id='word_1_127' title='bbox 1495 1098 1627 1137; x_wconf 85' lang='lat' dir='ltr'>Eccle-</span> 
     </span>
     <span class='ocr_line' id='line_1_16' title="bbox 129 1167 1626 1223; baseline -0.003 -13"><span class='ocrx_word' id='word_1_128' title='bbox 129 1172 212 1210; x_wconf 87' lang='lat' dir='ltr'>siae</span> <span class='ocrx_word' id='word_1_129' title='bbox 244 1178 370 1223; x_wconf 83' lang='lat' dir='ltr'>atque</span> <span class='ocrx_word' id='word_1_130' title='bbox 409 1172 665 1223; x_wconf 77' lang='lat' dir='ltr'>magistratus</span> <span class='ocrx_word' id='word_1_131' title='bbox 695 1181 790 1214; x_wconf 86' lang='lat' dir='ltr'>vox,</span> <span class='ocrx_word' id='word_1_132' title='bbox 820 1177 861 1208; x_wconf 93' lang='lat' dir='ltr'>et</span> <span class='ocrx_word' id='word_1_133' title='bbox 892 1181 1012 1221; x_wconf 90' lang='lat' dir='ltr'>penes</span> <span class='ocrx_word' id='word_1_134' title='bbox 1047 1176 1181 1207; x_wconf 80' lang='lat' dir='ltr'>utrum</span> <span class='ocrx_word' id='word_1_135' title='bbox 1202 1169 1457 1207; x_wconf 86' lang='lat' dir='ltr'>dissensione</span> <span class='ocrx_word' id='word_1_136' title='bbox 1487 1167 1626 1206; x_wconf 87' lang='lat' dir='ltr'>oborta</span> 
     </span>
     <span class='ocr_line' id='line_1_17' title="bbox 128 1229 1626 1290; baseline -0.002 -12"><span class='ocrx_word' id='word_1_137' title='bbox 128 1229 210 1278; x_wconf 84' lang='lat' dir='ltr'>litis</span> <span class='ocrx_word' id='word_1_138' title='bbox 248 1240 494 1279; x_wconf 86' lang='lat' dir='ltr'>dirimendae</span> <span class='ocrx_word' id='word_1_139' title='bbox 534 1240 594 1278; x_wconf 89' lang='lat' dir='ltr'>ius</span> <span class='ocrx_word' id='word_1_140' title='bbox 634 1246 739 1278; x_wconf 83' lang='lat' dir='ltr'>esset</span> <span class='ocrx_word' id='word_1_141' title='bbox 778 1246 897 1290; x_wconf 87' lang='lat' dir='ltr'>atque</span> <span class='ocrx_word' id='word_1_142' title='bbox 937 1245 1132 1290; x_wconf 87' lang='lat' dir='ltr'>potestas,</span> <span class='ocrx_word' id='word_1_143' title='bbox 1171 1251 1234 1278; x_wconf 88' lang='lat' dir='ltr'>res</span> <span class='ocrx_word' id='word_1_144' title='bbox 1273 1251 1366 1277; x_wconf 89' lang='lat' dir='ltr'>sane</span> <span class='ocrx_word' id='word_1_145' title='bbox 1406 1237 1626 1290; x_wconf 82' lang='lat' dir='ltr'>gravissimi</span> 
     </span>
    </p>
   </div>
   <div class='ocr_carea' id='block_1_3' title="bbox 64 1302 1627 1360">
    <p class='ocr_par' dir='ltr' id='par_1_3' title="bbox 64 1302 1627 1360">
     <span class='ocr_line' id='line_1_18' title="bbox 64 1302 1627 1360; baseline -0.002 -12"><span class='ocrx_word' id='word_1_146' title='bbox 64 1335 67 1336; x_wconf 29' lang='grc' dir='ltr'><em>ν</em></span> <span class='ocrx_word' id='word_1_147' title='bbox 128 1302 319 1348; x_wconf 85' lang='lat' dir='ltr'>momenti</span> <span class='ocrx_word' id='word_1_148' title='bbox 350 1316 432 1354; x_wconf 90' lang='lat' dir='ltr'>est,</span> <span class='ocrx_word' id='word_1_149' title='bbox 461 1316 501 1348; x_wconf 88' lang='lat' dir='ltr'>et</span> <span class='ocrx_word' id='word_1_150' title='bbox 533 1322 649 1360; x_wconf 91' lang='lat' dir='ltr'>quam</span> <span class='ocrx_word' id='word_1_151' title='bbox 680 1308 840 1347; x_wconf 91' lang='lat' dir='ltr'>silentio</span> <span class='ocrx_word' id='word_1_152' title='bbox 870 1308 1089 1359; x_wconf 88' lang='lat' dir='ltr'>praeterire</span> <span class='ocrx_word' id='word_1_153' title='bbox 1119 1308 1230 1346; x_wconf 91' lang='lat' dir='ltr'>nullo</span> <span class='ocrx_word' id='word_1_154' title='bbox 1255 1315 1367 1360; x_wconf 90' lang='lat' dir='ltr'>pacto</span> <span class='ocrx_word' id='word_1_155' title='bbox 1392 1306 1506 1346; x_wconf 86' lang='lat' dir='ltr'>nobis</span> <span class='ocrx_word' id='word_1_156' title='bbox 1535 1306 1627 1345; x_wconf 88' lang='lat' dir='ltr'>lice·</span> 
     </span>
    </p>
   </div>
   <div class='ocr_carea' id='block_1_4' title="bbox 129 1376 1638 2327">
    <p class='ocr_par' dir='ltr' id='par_1_4' title="bbox 129 1376 1638 2327">
     <span class='ocr_line' id='line_1_19' title="bbox 129 1376 1628 1422; baseline -0.001 -6"><span class='ocrx_word' id='word_1_157' title='bbox 129 1385 213 1422; x_wconf 86' lang='lat' dir='ltr'>ret‚</span> <span class='ocrx_word' id='word_1_158' title='bbox 248 1379 324 1417; x_wconf 89' lang='lat' dir='ltr'>nisi</span> <span class='ocrx_word' id='word_1_159' title='bbox 364 1385 467 1417; x_wconf 87' lang='lat' dir='ltr'>esset</span> <span class='ocrx_word' id='word_1_160' title='bbox 506 1378 621 1416; x_wconf 89' lang='lat' dir='ltr'>nobis</span> <span class='ocrx_word' id='word_1_161' title='bbox 659 1390 748 1416; x_wconf 86' lang='lat' dir='ltr'>cum</span> <span class='ocrx_word' id='word_1_162' title='bbox 789 1376 992 1415; x_wconf 90' lang='lat' dir='ltr'>Corbierio</span> <span class='ocrx_word' id='word_1_163' title='bbox 1030 1377 1256 1416; x_wconf 89' lang='lat' dir='ltr'>fatendum:</span> <span class='ocrx_word' id='word_1_164' title='bbox 1299 1389 1427 1415; x_wconf 88' lang='lat' dir='ltr'>»nous</span> <span class='ocrx_word' id='word_1_165' title='bbox 1465 1376 1628 1415; x_wconf 80' lang='lat' dir='ltr'>n&#39;avons</span> 
     </span>
     <span class='ocr_line' id='line_1_20' title="bbox 131 1444 1626 1499; baseline -0.002 -13"><span class='ocrx_word' id='word_1_166' title='bbox 131 1460 213 1499; x_wconf 88' lang='lat' dir='ltr'>»pu</span> <span class='ocrx_word' id='word_1_167' title='bbox 253 1447 464 1486; x_wconf 76' lang='lat' dir='ltr'>decouvrir</span> <span class='ocrx_word' id='word_1_168' title='bbox 503 1459 657 1486; x_wconf 84' lang='lat' dir='ltr'>aucune</span> <span class='ocrx_word' id='word_1_169' title='bbox 697 1446 940 1485; x_wconf 78' lang='lat' dir='ltr'>declaration</span> <span class='ocrx_word' id='word_1_170' title='bbox 971 1447 1121 1498; x_wconf 81' lang='lat' dir='ltr'>precise</span> <span class='ocrx_word' id='word_1_171' title='bbox 1152 1449 1172 1485; x_wconf 76' lang='lat' dir='ltr'>a</span> <span class='ocrx_word' id='word_1_172' title='bbox 1203 1460 1246 1486; x_wconf 90' lang='lat' dir='ltr'>ce</span> <span class='ocrx_word' id='word_1_173' title='bbox 1277 1447 1380 1498; x_wconf 89' lang='lat' dir='ltr'>sujet</span> <span class='ocrx_word' id='word_1_174' title='bbox 1411 1447 1509 1486; x_wconf 88' lang='lat' dir='ltr'>dans</span> <span class='ocrx_word' id='word_1_175' title='bbox 1537 1444 1626 1483; x_wconf 93' lang='lat' dir='ltr'>l’In-</span> 
     </span>
     <span class='ocr_line' id='line_1_21' title="bbox 131 1514 1632 1567; baseline -0.001 -13"><span class='ocrx_word' id='word_1_176' title='bbox 131 1517 347 1555; x_wconf 88' lang='lat' dir='ltr'>»stitution</span> <span class='ocrx_word' id='word_1_177' title='bbox 377 1515 632 1554; x_wconf 80' lang='lat' dir='ltr'>Chretienne.</span> <span class='ocrx_word' id='word_1_178' title='bbox 690 1514 826 1554; x_wconf 84' lang='lat' dir='ltr'>Calvin</span> <span class='ocrx_word' id='word_1_179' title='bbox 867 1515 1016 1554; x_wconf 86' lang='lat' dir='ltr'>semble</span> <span class='ocrx_word' id='word_1_180' title='bbox 1048 1515 1200 1554; x_wconf 87' lang='lat' dir='ltr'>n’avoir</span> <span class='ocrx_word' id='word_1_181' title='bbox 1229 1528 1296 1567; x_wconf 88' lang='lat' dir='ltr'>pas</span> <span class='ocrx_word' id='word_1_182' title='bbox 1326 1515 1452 1567; x_wconf 80' lang='lat' dir='ltr'>prevu</span> <span class='ocrx_word' id='word_1_183' title='bbox 1482 1515 1518 1553; x_wconf 91' lang='grc'><strong>16</strong></span> <span class='ocrx_word' id='word_1_184' title='bbox 1548 1526 1632 1558; x_wconf 85' lang='lat' dir='ltr'>caS,</span> 
     </span>
     <span class='ocr_line' id='line_1_22' title="bbox 133 1583 1635 1637; baseline -0.001 -14"><span class='ocrx_word' id='word_1_185' title='bbox 133 1592 202 1623; x_wconf 86' lang='lat' dir='ltr'>»et</span> <span class='ocrx_word' id='word_1_186' title='bbox 224 1586 250 1623; x_wconf 94' lang='lat' dir='ltr'>il</span> <span class='ocrx_word' id='word_1_187' title='bbox 267 1598 292 1636; x_wconf 90' lang='lat' dir='ltr'><strong>y</strong></span> <span class='ocrx_word' id='word_1_188' title='bbox 309 1598 330 1623; x_wconf 94' lang='lat' dir='ltr'>a</span> <span class='ocrx_word' id='word_1_189' title='bbox 352 1597 443 1624; x_wconf 90' lang='lat' dir='ltr'>sous</span> <span class='ocrx_word' id='word_1_190' title='bbox 465 1599 509 1624; x_wconf 91' lang='lat' dir='ltr'>ce</span> <span class='ocrx_word' id='word_1_191' title='bbox 526 1592 688 1637; x_wconf 90' lang='lat' dir='ltr'>rapport</span> <span class='ocrx_word' id='word_1_192' title='bbox 706 1585 897 1623; x_wconf 79' lang='lat' dir='ltr'>veritahle</span> <span class='ocrx_word' id='word_1_193' title='bbox 920 1585 1059 1623; x_wconf 84' lang='lat' dir='ltr'>laeune</span> <span class='ocrx_word' id='word_1_194' title='bbox 1083 1585 1181 1624; x_wconf 84' lang='lat' dir='ltr'>dans</span> <span class='ocrx_word' id='word_1_195' title='bbox 1203 1597 1273 1623; x_wconf 88' lang='lat' dir='ltr'>son</span> <span class='ocrx_word' id='word_1_196' title='bbox 1296 1586 1468 1636; x_wconf 81' lang='lat' dir='ltr'>systeme</span> <span class='ocrx_word' id='word_1_197' title='bbox 1485 1583 1566 1637; x_wconf 82' lang='lat'>²⁵).”</span> <span class='ocrx_word' id='word_1_198' title='bbox 1582 1606 1635 1611; x_wconf 98' lang='lat'><strong>—</strong></span> 
     </span>
     <span class='ocr_line' id='line_1_23' title="bbox 134 1652 1633 1705; baseline -0.001 -13"><span class='ocrx_word' id='word_1_199' title='bbox 134 1652 247 1698; x_wconf 86' lang='lat' dir='ltr'>Quod</span> <span class='ocrx_word' id='word_1_200' title='bbox 288 1666 404 1705; x_wconf 89' lang='lat' dir='ltr'>porro</span> <span class='ocrx_word' id='word_1_201' title='bbox 445 1654 494 1692; x_wconf 89' lang='lat' dir='ltr'>ad</span> <span class='ocrx_word' id='word_1_202' title='bbox 528 1654 764 1692; x_wconf 85' lang='lat' dir='ltr'>relationem</span> <span class='ocrx_word' id='word_1_203' title='bbox 795 1652 993 1691; x_wconf 84' lang='lat' dir='ltr'>Ecclesiae</span> <span class='ocrx_word' id='word_1_204' title='bbox 1024 1652 1202 1691; x_wconf 87' lang='lat' dir='ltr'>fidelium</span> <span class='ocrx_word' id='word_1_205' title='bbox 1232 1666 1326 1705; x_wconf 80' lang='lat' dir='ltr'>erga</span> <span class='ocrx_word' id='word_1_206' title='bbox 1355 1653 1633 1704; x_wconf 81' lang='lat' dir='ltr'>magistratum</span> 
     </span>
     <span class='ocr_line' id='line_1_24' title="bbox 133 1721 1634 1773; baseline 0 -13"><span class='ocrx_word' id='word_1_207' title='bbox 133 1723 300 1766; x_wconf 89' lang='lat' dir='ltr'>attinet,</span> <span class='ocrx_word' id='word_1_208' title='bbox 346 1722 627 1761; x_wconf 87' lang='lat' dir='ltr'>»subditorum</span> <span class='ocrx_word' id='word_1_209' title='bbox 658 1729 717 1761; x_wconf 91' lang='lat' dir='ltr'>est</span> <span class='ocrx_word' id='word_1_210' title='bbox 747 1722 796 1760; x_wconf 91' lang='lat' dir='ltr'>de</span> <span class='ocrx_word' id='word_1_211' title='bbox 825 1722 1084 1773; x_wconf 81' lang='lat' dir='ltr'>magistratus</span> <span class='ocrx_word' id='word_1_212' title='bbox 1121 1722 1327 1760; x_wconf 87' lang='lat' dir='ltr'>functione</span> <span class='ocrx_word' id='word_1_213' title='bbox 1366 1734 1483 1773; x_wconf 90' lang='lat' dir='ltr'>quam</span> <span class='ocrx_word' id='word_1_214' title='bbox 1512 1721 1634 1760; x_wconf 92' lang='lat' dir='ltr'>hono-</span> 
     </span>
     <span class='ocr_line' id='line_1_25' title="bbox 134 1790 1636 1844; baseline -0.001 -15"><span class='ocrx_word' id='word_1_215' title='bbox 134 1790 455 1831; x_wconf 84' lang='lat' dir='ltr'>»rifieentissime</span> <span class='ocrx_word' id='word_1_216' title='bbox 487 1792 636 1830; x_wconf 87' lang='lat' dir='ltr'>sentire</span> <span class='ocrx_word' id='word_1_217' title='bbox 663 1791 760 1844; x_wconf 78' lang='lat'>²⁶),”</span> <span class='ocrx_word' id='word_1_218' title='bbox 805 1799 874 1830; x_wconf 84' lang='lat' dir='ltr'>»et</span> <span class='ocrx_word' id='word_1_219' title='bbox 905 1803 1073 1842; x_wconf 83' lang='lat' dir='ltr'>syncero</span> <span class='ocrx_word' id='word_1_220' title='bbox 1104 1791 1224 1829; x_wconf 91' lang='lat' dir='ltr'>animi</span> <span class='ocrx_word' id='word_1_221' title='bbox 1250 1790 1397 1833; x_wconf 83' lang='lat' dir='ltr'>affectu</span> <span class='ocrx_word' id='word_1_222' title='bbox 1421 1803 1531 1829; x_wconf 87' lang='lat' dir='ltr'>suam</span> <span class='ocrx_word' id='word_1_223' title='bbox 1558 1791 1636 1829; x_wconf 88' lang='lat' dir='ltr'>illis</span> 
     </span>
     <span class='ocr_line' id='line_1_26' title="bbox 133 1859 1635 1912; baseline 0 -14"><span class='ocrx_word' id='word_1_224' title='bbox 133 1860 433 1899; x_wconf 74' lang='lat' dir='ltr'>»obedientiam</span> <span class='ocrx_word' id='word_1_225' title='bbox 475 1861 693 1912; x_wconf 86' lang='lat' dir='ltr'>approbare</span> <span class='ocrx_word' id='word_1_226' title='bbox 719 1859 811 1912; x_wconf 77' lang='lat'>²⁷),&#39;&#39;</span> <span class='ocrx_word' id='word_1_227' title='bbox 848 1860 1010 1898; x_wconf 54' lang='lat' dir='ltr'>*tributa</span> <span class='ocrx_word' id='word_1_228' title='bbox 1051 1861 1204 1899; x_wconf 88' lang='lat' dir='ltr'>solvere</span> <span class='ocrx_word' id='word_1_229' title='bbox 1249 1873 1291 1898; x_wconf 91' lang='lat' dir='ltr'>ac</span> <span class='ocrx_word' id='word_1_230' title='bbox 1336 1860 1544 1911; x_wconf 83' lang='lat' dir='ltr'>vectigalia</span> <span class='ocrx_word' id='word_1_231' title='bbox 1569 1859 1635 1912; x_wconf 76' lang='lat'>²⁸),</span> 
     </span>
     <span class='ocr_line' id='line_1_27' title="bbox 130 1928 1636 1982; baseline -0.001 -14"><span class='ocrx_word' id='word_1_232' title='bbox 130 1936 170 1968; x_wconf 87' lang='lat' dir='ltr'>et</span> <span class='ocrx_word' id='word_1_233' title='bbox 199 1929 256 1967; x_wconf 87' lang='lat' dir='ltr'>rei</span> <span class='ocrx_word' id='word_1_234' title='bbox 286 1930 453 1968; x_wconf 90' lang='lat' dir='ltr'>militari</span> <span class='ocrx_word' id='word_1_235' title='bbox 485 1942 533 1968; x_wconf 85' lang='lat' dir='ltr'>ex</span> <span class='ocrx_word' id='word_1_236' title='bbox 565 1942 691 1981; x_wconf 90' lang='lat' dir='ltr'>aequo</span> <span class='ocrx_word' id='word_1_237' title='bbox 721 1930 928 1968; x_wconf 84' lang='lat' dir='ltr'>consulere</span> <span class='ocrx_word' id='word_1_238' title='bbox 954 1929 1011 1982; x_wconf 81' lang='lat'>²⁹).</span> <span class='ocrx_word' id='word_1_239' title='bbox 1056 1928 1106 1968; x_wconf 91' lang='lat' dir='ltr'>Et</span> <span class='ocrx_word' id='word_1_240' title='bbox 1136 1930 1191 1968; x_wconf 88' lang='lat' dir='ltr'>ita</span> <span class='ocrx_word' id='word_1_241' title='bbox 1222 1929 1383 1980; x_wconf 89' lang='lat' dir='ltr'>quidem</span> <span class='ocrx_word' id='word_1_242' title='bbox 1409 1928 1636 1968; x_wconf 88' lang='lat' dir='ltr'>obedientia</span> 
     </span>
     <span class='ocr_line' id='line_1_28' title="bbox 134 1997 1637 2051; baseline 0.001 -15"><span class='ocrx_word' id='word_1_243' title='bbox 134 1997 295 2049; x_wconf 84' lang='lat' dir='ltr'>regibus</span> <span class='ocrx_word' id='word_1_244' title='bbox 321 1998 515 2050; x_wconf 88' lang='lat' dir='ltr'>praestari</span> <span class='ocrx_word' id='word_1_245' title='bbox 541 1998 682 2043; x_wconf 88' lang='lat' dir='ltr'>debet,</span> <span class='ocrx_word' id='word_1_246' title='bbox 713 2005 757 2036; x_wconf 90' lang='lat' dir='ltr'>ut</span> <span class='ocrx_word' id='word_1_247' title='bbox 783 1999 891 2037; x_wconf 91' lang='lat' dir='ltr'>nulla</span> <span class='ocrx_word' id='word_1_248' title='bbox 917 1998 1032 2037; x_wconf 87' lang='lat' dir='ltr'>nobis</span> <span class='ocrx_word' id='word_1_249' title='bbox 1058 1998 1106 2037; x_wconf 91' lang='lat' dir='ltr'>de</span> <span class='ocrx_word' id='word_1_250' title='bbox 1132 1999 1285 2050; x_wconf 84' lang='lat' dir='ltr'>legum,</span> <span class='ocrx_word' id='word_1_251' title='bbox 1315 2011 1411 2051; x_wconf 91' lang='lat' dir='ltr'>quas</span> <span class='ocrx_word' id='word_1_252' title='bbox 1437 1998 1637 2043; x_wconf 85' lang='lat' dir='ltr'>scribunt,</span> 
     </span>
     <span class='ocr_line' id='line_1_29' title="bbox 133 2065 1637 2118; baseline -0.001 -13"><span class='ocrx_word' id='word_1_253' title='bbox 133 2067 262 2118; x_wconf 89' lang='lat' dir='ltr'>pretio</span> <span class='ocrx_word' id='word_1_254' title='bbox 293 2074 412 2118; x_wconf 90' lang='lat' dir='ltr'>atque</span> <span class='ocrx_word' id='word_1_255' title='bbox 444 2067 578 2105; x_wconf 87' lang='lat' dir='ltr'>valore</span> <span class='ocrx_word' id='word_1_256' title='bbox 609 2066 750 2105; x_wconf 88' lang='lat' dir='ltr'>subeat</span> <span class='ocrx_word' id='word_1_257' title='bbox 779 2066 1061 2118; x_wconf 56' lang='lat' dir='ltr'>cogitatio,⁷et</span> <span class='ocrx_word' id='word_1_258' title='bbox 1106 2067 1310 2105; x_wconf 86' lang='lat' dir='ltr'>»insulsus</span> <span class='ocrx_word' id='word_1_259' title='bbox 1349 2073 1452 2105; x_wconf 87' lang='lat' dir='ltr'>esset</span> <span class='ocrx_word' id='word_1_260' title='bbox 1481 2065 1637 2104; x_wconf 88' lang='lat' dir='ltr'>ratioci-</span> 
     </span>
     <span class='ocr_line' id='line_1_30' title="bbox 135 2135 1637 2187; baseline -0.001 -12"><span class='ocrx_word' id='word_1_261' title='bbox 135 2143 301 2182; x_wconf 84' lang='lat' dir='ltr'>»nator,</span> <span class='ocrx_word' id='word_1_262' title='bbox 341 2137 373 2175; x_wconf 91' lang='lat' dir='ltr'>si</span> <span class='ocrx_word' id='word_1_263' title='bbox 413 2137 502 2187; x_wconf 90' lang='lat' dir='ltr'>quis</span> <span class='ocrx_word' id='word_1_264' title='bbox 540 2136 825 2180; x_wconf 85' lang='lat' dir='ltr'>contenderet,</span> <span class='ocrx_word' id='word_1_265' title='bbox 864 2135 1024 2174; x_wconf 88' lang='lat' dir='ltr'>nonnisi</span> <span class='ocrx_word' id='word_1_266' title='bbox 1063 2135 1177 2174; x_wconf 90' lang='lat' dir='ltr'>iustis</span> <span class='ocrx_word' id='word_1_267' title='bbox 1216 2135 1391 2187; x_wconf 85' lang='lat' dir='ltr'>imperiis</span> <span class='ocrx_word' id='word_1_268' title='bbox 1430 2148 1516 2174; x_wconf 86' lang='lat' dir='ltr'>esse</span> <span class='ocrx_word' id='word_1_269' title='bbox 1551 2147 1637 2174; x_wconf 91' lang='lat' dir='ltr'>eam</span> 
     </span>
     <span class='ocr_line' id='line_1_31' title="bbox 135 2203 1637 2258; baseline -0.001 -14"><span class='ocrx_word' id='word_1_270' title='bbox 135 2205 461 2258; x_wconf 85' lang='lat' dir='ltr'>»rependendam</span> <span class='ocrx_word' id='word_1_271' title='bbox 488 2205 569 2258; x_wconf 77' lang='lat'>³⁰).”</span> <span class='ocrx_word' id='word_1_272' title='bbox 621 2204 787 2244; x_wconf 86' lang='lat' dir='ltr'>Etiamsi</span> <span class='ocrx_word' id='word_1_273' title='bbox 818 2206 922 2243; x_wconf 90' lang='lat' dir='ltr'>enim</span> <span class='ocrx_word' id='word_1_274' title='bbox 954 2205 1016 2244; x_wconf 89' lang='lat' dir='ltr'>vel</span> <span class='ocrx_word' id='word_1_275' title='bbox 1047 2209 1237 2255; x_wconf 64' lang='lat' dir='ltr'>tyrannus</span> <span class='ocrx_word' id='word_1_276' title='bbox 1256 2203 1312 2257; x_wconf 51' lang='lat'>¹³¹)</span> <span class='ocrx_word' id='word_1_277' title='bbox 1338 2204 1405 2249; x_wconf 91' lang='lat' dir='ltr'>sit,</span> <span class='ocrx_word' id='word_1_278' title='bbox 1432 2205 1494 2244; x_wconf 80' lang='lat' dir='ltr'>vel</span> <span class='ocrx_word' id='word_1_279' title='bbox 1519 2204 1637 2244; x_wconf 68' lang='lat' dir='ltr'>deter-</span> 
     </span>
     <span class='ocr_line' id='line_1_32' title="bbox 133 2273 1638 2327; baseline 0.001 -15"><span class='ocrx_word' id='word_1_280' title='bbox 133 2274 254 2313; x_wconf 80' lang='lat' dir='ltr'>rimus</span> <span class='ocrx_word' id='word_1_281' title='bbox 283 2274 389 2313; x_wconf 78' lang='lat' dir='ltr'>homo</span> <span class='ocrx_word' id='word_1_282' title='bbox 411 2274 477 2327; x_wconf 80' lang='grc'>32),</span> <span class='ocrx_word' id='word_1_283' title='bbox 517 2274 654 2326; x_wconf 80' lang='lat' dir='ltr'>impius</span> <span class='ocrx_word' id='word_1_284' title='bbox 683 2286 728 2313; x_wconf 81' lang='lat' dir='ltr'>ac</span> <span class='ocrx_word' id='word_1_285' title='bbox 757 2274 966 2325; x_wconf 69' lang='lat' dir='ltr'>sacrileyus</span> <span class='ocrx_word' id='word_1_286' title='bbox 991 2274 1058 2326; x_wconf 77' lang='grc'>33),</span> <span class='ocrx_word' id='word_1_287' title='bbox 1096 2281 1201 2313; x_wconf 87' lang='lat' dir='ltr'>esset</span> <span class='ocrx_word' id='word_1_288' title='bbox 1232 2281 1364 2313; x_wconf 85' lang='lat' dir='ltr'>tamen</span> <span class='ocrx_word' id='word_1_289' title='bbox 1395 2287 1417 2313; x_wconf 84' lang='lat' dir='ltr'>a</span> <span class='ocrx_word' id='word_1_290' title='bbox 1447 2273 1638 2319; x_wconf 81' lang='lat' dir='ltr'>subditis,</span> 
     </span>
    </p>
   </div>
   <div class='ocr_carea' id='block_1_5' title="bbox 175 2416 1311 2512">
    <p class='ocr_par' dir='ltr' id='par_1_5' title="bbox 175 2416 1311 2512">
     <span class='ocr_line' id='line_1_33' title="bbox 175 2416 1311 2460; baseline 0.004 -13"><span class='ocrx_word' id='word_1_291' title='bbox 175 2416 215 2457; x_wconf 81' lang='lat'>2⁰)</span> <span class='ocrx_word' id='word_1_292' title='bbox 245 2417 319 2448; x_wconf 70' lang='lat' dir='ltr'>Inst.</span> <span class='ocrx_word' id='word_1_293' title='bbox 342 2416 398 2450; x_wconf 89' lang='lat' dir='ltr'>IV.</span> <span class='ocrx_word' id='word_1_294' title='bbox 423 2418 474 2450; x_wconf 92' lang='grc'>11.</span> <span class='ocrx_word' id='word_1_295' title='bbox 491 2419 529 2451; x_wconf 52' lang='lat'>18.</span> <span class='ocrx_word' id='word_1_296' title='bbox 554 2418 601 2451; x_wconf 82' lang='lat' dir='ltr'>Cf.</span> <span class='ocrx_word' id='word_1_297' title='bbox 627 2418 684 2451; x_wconf 93' lang='lat' dir='ltr'>IV.</span> <span class='ocrx_word' id='word_1_298' title='bbox 708 2419 760 2452; x_wconf 87' lang='lat'>20.</span> <span class='ocrx_word' id='word_1_299' title='bbox 785 2419 816 2452; x_wconf 92' lang='grc'><strong>1.</strong></span> <span class='ocrx_word' id='word_1_300' title='bbox 949 2419 991 2460; x_wconf 80' lang='lat'>21)</span> <span class='ocrx_word' id='word_1_301' title='bbox 1010 2420 1096 2453; x_wconf 72' lang='lat' dir='ltr'>Jnst.</span> <span class='ocrx_word' id='word_1_302' title='bbox 1121 2419 1178 2453; x_wconf 92' lang='lat' dir='ltr'>IV.</span> <span class='ocrx_word' id='word_1_303' title='bbox 1203 2420 1255 2453; x_wconf 91' lang='lat'>20.</span> <span class='ocrx_word' id='word_1_304' title='bbox 1281 2421 1311 2452; x_wconf 90' lang='grc'>1.</span> 
     </span>
     <span class='ocr_line' id='line_1_34' title="bbox 177 2472 536 2512; baseline 0.008 -9"><span class='ocrx_word' id='word_1_305' title='bbox 177 2472 217 2512; x_wconf 78' lang='grc'>22)</span> <span class='ocrx_word' id='word_1_306' title='bbox 243 2472 323 2505; x_wconf 70' lang='lat' dir='ltr'>Insl.</span> <span class='ocrx_word' id='word_1_307' title='bbox 347 2472 402 2506; x_wconf 88' lang='lat' dir='ltr'>IV.</span> <span class='ocrx_word' id='word_1_308' title='bbox 428 2474 480 2507; x_wconf 88' lang='grc'>11.</span> <span class='ocrx_word' id='word_1_309' title='bbox 506 2475 536 2506; x_wconf 90' lang='grc'>3.</span> 
     </span>
    </p>
   </div>
   <div class='ocr_carea' id='block_1_6' title="bbox 179 2527 1639 2623">
    <p class='ocr_par' dir='ltr' id='par_1_6' title="bbox 179 2527 1639 2623">
     <span class='ocr_line' id='line_1_35' title="bbox 179 2527 1639 2569; baseline 0.004 -12"><span class='ocrx_word' id='word_1_310' title='bbox 179 2527 220 2567; x_wconf 82' lang='grc'>23)</span> <span class='ocrx_word' id='word_1_311' title='bbox 247 2528 320 2569; x_wconf 79' lang='lat' dir='ltr'>Res.</span> <span class='ocrx_word' id='word_1_312' title='bbox 344 2538 404 2559; x_wconf 83' lang='lat' dir='ltr'>err.</span> <span class='ocrx_word' id='word_1_313' title='bbox 427 2529 473 2561; x_wconf 89' lang='lat' dir='ltr'>M.</span> <span class='ocrx_word' id='word_1_314' title='bbox 496 2531 581 2563; x_wconf 80' lang='lat' dir='ltr'>Serv.</span> <span class='ocrx_word' id='word_1_315' title='bbox 604 2530 692 2563; x_wconf 86' lang='lat' dir='ltr'>Tom.</span> <span class='ocrx_word' id='word_1_316' title='bbox 709 2529 802 2562; x_wconf 87' lang='lat' dir='ltr'>VIII.</span> <span class='ocrx_word' id='word_1_317' title='bbox 821 2530 912 2565; x_wconf 64' lang='lat'>5171).</span> <span class='ocrx_word' id='word_1_318' title='bbox 938 2531 986 2563; x_wconf 82' lang='lat' dir='ltr'>Cf.</span> <span class='ocrx_word' id='word_1_319' title='bbox 1011 2534 1107 2565; x_wconf 72' lang='lat' dir='ltr'>Instr.</span> <span class='ocrx_word' id='word_1_320' title='bbox 1124 2532 1196 2566; x_wconf 83' lang='lat' dir='ltr'>adv.</span> <span class='ocrx_word' id='word_1_321' title='bbox 1212 2532 1312 2564; x_wconf 73' lang='lat' dir='ltr'>Anah.</span> <span class='ocrx_word' id='word_1_322' title='bbox 1329 2531 1416 2564; x_wconf 85' lang='lat' dir='ltr'>Tom.</span> <span class='ocrx_word' id='word_1_323' title='bbox 1429 2530 1521 2563; x_wconf 89' lang='lat' dir='ltr'>VIII.</span> <span class='ocrx_word' id='word_1_324' title='bbox 1547 2529 1639 2563; x_wconf 74' lang='lat'>36412.</span> 
     </span>
     <span class='ocr_line' id='line_1_36' title="bbox 180 2581 1412 2623; baseline 0.006 -10"><span class='ocrx_word' id='word_1_325' title='bbox 180 2583 221 2623; x_wconf 77' lang='lat'>2⁴)</span> <span class='ocrx_word' id='word_1_326' title='bbox 248 2583 328 2614; x_wconf 78' lang='lat' dir='ltr'>Inst.</span> <span class='ocrx_word' id='word_1_327' title='bbox 351 2581 407 2614; x_wconf 94' lang='lat' dir='ltr'>IV.</span> <span class='ocrx_word' id='word_1_328' title='bbox 432 2583 483 2616; x_wconf 90' lang='lat'>11.</span> <span class='ocrx_word' id='word_1_329' title='bbox 508 2584 560 2617; x_wconf 85' lang='lat'>16.</span> <span class='ocrx_word' id='word_1_330' title='bbox 1405 2588 1412 2591; x_wconf 15' lang='grc' dir='ltr'>χ</span> 
     </span>
    </p>
   </div>
   <div class='ocr_carea' id='block_1_7' title="bbox 143 2638 1640 2727">
    <p class='ocr_par' dir='ltr' id='par_1_7' title="bbox 143 2638 1640 2727">
     <span class='ocr_line' id='line_1_37' title="bbox 179 2638 1640 2684; baseline 0.003 -16"><span class='ocrx_word' id='word_1_331' title='bbox 179 2638 220 2678; x_wconf 80' lang='lat'>2⁵)</span> <span class='ocrx_word' id='word_1_332' title='bbox 245 2638 422 2670; x_wconf 66' lang='lat' dir='ltr'>commum.</span> <span class='ocrx_word' id='word_1_333' title='bbox 447 2650 475 2672; x_wconf 93' lang='lat'>0.</span> <span class='ocrx_word' id='word_1_334' title='bbox 492 2639 514 2673; x_wconf 87' lang='lat' dir='ltr'>l.</span> <span class='ocrx_word' id='word_1_335' title='bbox 538 2650 569 2682; x_wconf 89' lang='lat' dir='ltr'>p.</span> <span class='ocrx_word' id='word_1_336' title='bbox 594 2641 645 2674; x_wconf 83' lang='lat'>41.</span> <span class='ocrx_word' id='word_1_337' title='bbox 685 2640 796 2672; x_wconf 81' lang='lat' dir='ltr'>Obiter</span> <span class='ocrx_word' id='word_1_338' title='bbox 816 2640 896 2671; x_wconf 84' lang='lat' dir='ltr'>hane</span> <span class='ocrx_word' id='word_1_339' title='bbox 920 2641 1131 2683; x_wconf 84' lang='lat' dir='ltr'>quaestionem</span> <span class='ocrx_word' id='word_1_340' title='bbox 1155 2641 1264 2681; x_wconf 81' lang='lat' dir='ltr'>tetigit</span> <span class='ocrx_word' id='word_1_341' title='bbox 1279 2640 1313 2672; x_wconf 90' lang='lat' dir='ltr'>in</span> <span class='ocrx_word' id='word_1_342' title='bbox 1328 2641 1400 2684; x_wconf 77' lang='lat' dir='ltr'>Res.</span> <span class='ocrx_word' id='word_1_343' title='bbox 1416 2652 1478 2675; x_wconf 79' lang='lat' dir='ltr'>err.</span> <span class='ocrx_word' id='word_1_344' title='bbox 1494 2642 1540 2675; x_wconf 86' lang='lat' dir='ltr'>M.</span> <span class='ocrx_word' id='word_1_345' title='bbox 1556 2642 1640 2674; x_wconf 80' lang='lat' dir='ltr'>Serv.</span> 
     </span>
     <span class='ocr_line' id='line_1_38' title="bbox 143 2693 465 2727; baseline 0.003 -1"><span class='ocrx_word' id='word_1_346' title='bbox 143 2694 230 2726; x_wconf 87' lang='lat' dir='ltr'>Tom.</span> <span class='ocrx_word' id='word_1_347' title='bbox 254 2693 347 2726; x_wconf 86' lang='lat' dir='ltr'>VIII.</span> <span class='ocrx_word' id='word_1_348' title='bbox 374 2693 465 2727; x_wconf 78' lang='lat' dir='ltr'>512b.</span> 
     </span>
    </p>
   </div>
   <div class='ocr_carea' id='block_1_8' title="bbox 179 2749 1364 2903">
    <p class='ocr_par' dir='ltr' id='par_1_8' title="bbox 179 2749 1364 2903">
     <span class='ocr_line' id='line_1_39' title="bbox 180 2749 1364 2792; baseline 0.004 -13"><span class='ocrx_word' id='word_1_349' title='bbox 180 2750 221 2789; x_wconf 79' lang='lat'>2⁶)</span> <span class='ocrx_word' id='word_1_350' title='bbox 249 2750 324 2782; x_wconf 73' lang='lat' dir='ltr'>[nst.</span> <span class='ocrx_word' id='word_1_351' title='bbox 349 2749 405 2782; x_wconf 83' lang='lat' dir='ltr'>JV.</span> <span class='ocrx_word' id='word_1_352' title='bbox 431 2750 488 2789; x_wconf 87' lang='lat'>20,</span> <span class='ocrx_word' id='word_1_353' title='bbox 513 2750 564 2782; x_wconf 88' lang='lat'>22.</span> <span class='ocrx_word' id='word_1_354' title='bbox 697 2751 736 2792; x_wconf 80' lang='grc'>27)</span> <span class='ocrx_word' id='word_1_355' title='bbox 766 2752 844 2783; x_wconf 77' lang='lat' dir='ltr'>Inst.</span> <span class='ocrx_word' id='word_1_356' title='bbox 868 2751 924 2785; x_wconf 86' lang='lat' dir='ltr'>IV.</span> <span class='ocrx_word' id='word_1_357' title='bbox 950 2753 1000 2785; x_wconf 85' lang='lat'>20.</span> <span class='ocrx_word' id='word_1_358' title='bbox 1026 2753 1077 2785; x_wconf 88' lang='lat'>23.</span> <span class='ocrx_word' id='word_1_359' title='bbox 1102 2753 1150 2784; x_wconf 85' lang='lat' dir='ltr'>Cf.</span> <span class='ocrx_word' id='word_1_360' title='bbox 1175 2750 1231 2785; x_wconf 91' lang='lat' dir='ltr'>IV.</span> <span class='ocrx_word' id='word_1_361' title='bbox 1256 2752 1308 2784; x_wconf 89' lang='grc'><strong>10.</strong></span> <span class='ocrx_word' id='word_1_362' title='bbox 1335 2753 1364 2784; x_wconf 93' lang='lat'>5.</span> 
     </span>
     <span class='ocr_line' id='line_1_40' title="bbox 179 2804 1162 2847; baseline 0.005 -12"><span class='ocrx_word' id='word_1_363' title='bbox 179 2804 221 2845; x_wconf 64' lang='grc' dir='ltr'>2Β)</span> <span class='ocrx_word' id='word_1_364' title='bbox 249 2804 329 2836; x_wconf 74' lang='lat' dir='ltr'>Inst.</span> <span class='ocrx_word' id='word_1_365' title='bbox 354 2804 409 2837; x_wconf 90' lang='lat' dir='ltr'>IV.</span> <span class='ocrx_word' id='word_1_366' title='bbox 437 2804 488 2836; x_wconf 88' lang='lat'>20.</span> <span class='ocrx_word' id='word_1_367' title='bbox 514 2806 566 2838; x_wconf 88' lang='grc'><strong>13.</strong></span> <span class='ocrx_word' id='word_1_368' title='bbox 699 2807 740 2847; x_wconf 79' lang='grc'>29)</span> <span class='ocrx_word' id='word_1_369' title='bbox 766 2807 845 2839; x_wconf 68' lang='lat' dir='ltr'>Just.</span> <span class='ocrx_word' id='word_1_370' title='bbox 870 2806 925 2840; x_wconf 81' lang='lat' dir='ltr'>IV.</span> <span class='ocrx_word' id='word_1_371' title='bbox 950 2807 1000 2839; x_wconf 89' lang='lat'>20.</span> <span class='ocrx_word' id='word_1_372' title='bbox 1028 2807 1086 2846; x_wconf 85' lang='grc'><strong>11,</strong></span> <span class='ocrx_word' id='word_1_373' title='bbox 1111 2807 1162 2840; x_wconf 82' lang='lat'>12.</span> 
     </span>
     <span class='ocr_line' id='line_1_41' title="bbox 180 2859 1217 2903; baseline 0.003 -13"><span class='ocrx_word' id='word_1_374' title='bbox 180 2859 221 2899; x_wconf 78' lang='lat'>³⁰)</span> <span class='ocrx_word' id='word_1_375' title='bbox 250 2860 327 2892; x_wconf 78' lang='lat' dir='ltr'>Inst.</span> <span class='ocrx_word' id='word_1_376' title='bbox 352 2860 485 2893; x_wconf 39' lang='lat' dir='ltr'>1V.v20.</span> <span class='ocrx_word' id='word_1_377' title='bbox 510 2861 561 2894; x_wconf 86' lang='lat'>29.</span> <span class='ocrx_word' id='word_1_378' title='bbox 696 2861 737 2903; x_wconf 71' lang='grc'>31)</span> <span class='ocrx_word' id='word_1_379' title='bbox 769 2863 878 2895; x_wconf 88' lang='lat' dir='ltr'>Comm.</span> <span class='ocrx_word' id='word_1_380' title='bbox 903 2863 948 2894; x_wconf 86' lang='lat' dir='ltr'>ad</span> <span class='ocrx_word' id='word_1_381' title='bbox 971 2863 986 2894; x_wconf 93' lang='lat'>1</span> <span class='ocrx_word' id='word_1_382' title='bbox 1013 2863 1069 2895; x_wconf 81' lang='lat' dir='ltr'>Pe.</span> <span class='ocrx_word' id='word_1_383' title='bbox 1093 2861 1139 2894; x_wconf 93' lang='lat' dir='ltr'>II.</span> <span class='ocrx_word' id='word_1_384' title='bbox 1165 2862 1217 2894; x_wconf 82' lang='lat'>14.</span> 
     </span>
    </p>
   </div>
   <div class='ocr_carea' id='block_1_9' title="bbox 181 2914 1078 2958">
    <p class='ocr_par' dir='ltr' id='par_1_9' title="bbox 181 2914 1078 2958">
     <span class='ocr_line' id='line_1_42' title="bbox 181 2914 1078 2958; baseline 0.004 -12"><span class='ocrx_word' id='word_1_385' title='bbox 181 2914 222 2955; x_wconf 76' lang='grc'>32)</span> <span class='ocrx_word' id='word_1_386' title='bbox 247 2914 328 2948; x_wconf 72' lang='lat' dir='ltr'>Inst.</span> <span class='ocrx_word' id='word_1_387' title='bbox 354 2914 409 2948; x_wconf 91' lang='lat' dir='ltr'>IV.</span> <span class='ocrx_word' id='word_1_388' title='bbox 434 2915 485 2950; x_wconf 83' lang='lat'>20.</span> <span class='ocrx_word' id='word_1_389' title='bbox 511 2915 563 2948; x_wconf 89' lang='lat'>25.</span> <span class='ocrx_word' id='word_1_390' title='bbox 694 2916 737 2958; x_wconf 80' lang='lat'>³³)</span> <span class='ocrx_word' id='word_1_391' title='bbox 754 2918 842 2950; x_wconf 68' lang='lat' dir='ltr'>Just.</span> <span class='ocrx_word' id='word_1_392' title='bbox 868 2916 923 2950; x_wconf 90' lang='lat' dir='ltr'>IV.</span> <span class='ocrx_word' id='word_1_393' title='bbox 940 2917 1001 2950; x_wconf 66' lang='lat'>20.</span> <span class='ocrx_word' id='word_1_394' title='bbox 1026 2917 1078 2950; x_wconf 83' lang='lat'>29.</span> 
     </span>
    </p>
   </div>
  </div>
 </body>
</html>
