1849 3239
853 63 930 102 107

149 205 270 238 »tuus
305 197 416 236 testis
447 209 492 236 ae
522 196 765 249 glorificator
796 195 950 235 Domini
982 196 1126 235 Christi
1159 197 1198 234 in
1228 195 1462 234 institutione
1492 208 1560 235 sua
1574 196 1639 249 7).”

151 266 292 307 Christi
319 267 491 307 auctoris
521 265 726 318 epitheton
757 273 904 304 certam
935 266 1083 317 ubique
1112 265 1195 303 sere
1226 265 1360 303 sedem
1391 265 1532 309 habet,
1571 266 1639 305 ubi

147 335 322 378 Ecclesia
370 334 766 387 commemoratrix-⁸),
810 342 850 374 et
898 335 1231 387 quemadmodum
1273 334 1399 372 omnis
1443 333 1639 374 Ecclesiae

146 405 348 446 institutio
387 405 435 444 ad
474 404 672 444 Christum
712 404 908 448 refertur,
947 405 1002 443 sic
1033 416 1190 455 quoque
1220 403 1401 442 Christus
1431 415 1515 441 esse
1546 403 1640 442 ‹lici-

147 480 234 518 tur,
274 474 342 525 qui
399 480 666 526 »potestatem
706 479 746 511 et
787 474 1065 512 auctoritatem
1096 472 1295 511 Ecclesiae
1326 471 1437 510 dedit
1452 471 1522 524 ⁹).''
1567 470 1640 510 Ne-

148 555 225 594 que
264 541 432 582 Lascum
467 542 690 582 accuratius
724 542 831 581 inter
866 541 936 581 Dei
971 548 1011 581 et
1041 541 1188 580 Christi
1219 541 1268 580 ad
1298 540 1512 579 Ecclesiam
1543 542 1640 579 rela-

149 612 299 651 tionem
347 612 594 656 distinxisse,
632 610 732 650 nihil
771 617 879 650 certe
917 610 1060 655 habet,
1099 611 1205 662 quod
1241 610 1456 654 miremur,
1494 616 1534 648 et
1572 622 1642 661 pro

148 681 350 733 cogitandi
389 681 566 725 ratione,
603 680 667 719 cui
706 687 814 719 aetas
847 681 914 719 illa
942 680 1122 725 favebat,
1161 680 1197 719 ei
1227 692 1316 718 cum
1346 679 1530 718 omnibus
1558 680 1642 718 sere

148 751 208 789 sui
239 751 430 803 temporis
459 749 669 802 Theologis
699 762 907 789 commune
933 756 1029 789 erat.
1074 748 1187 794 Quod
1213 749 1642 800 tamensrcquentiuffi

148 822 266 870 quam
305 820 384 864 illi,
423 818 580 858 Christo
620 818 820 858 Ecclesiae
855 819 1050 871 originem
1081 818 1306 857 adscribere
1336 818 1458 862 solet,
1497 818 1643 857 idcirco

147 895 290 928 notatu
329 889 493 941 dignum
532 889 713 934 videtur,
757 889 944 941 quoniam
983 889 1085 927 infra
1124 900 1283 939 quoque
1322 888 1477 939 saepius
1516 886 1643 926 simile

148 958 245 1011 quid
274 958 388 998 nobis
418 964 612 997 occurret.
1139 969 1142 972 ’

389 1095 417 1148 §⁸
445 1095 481 1133 2.
540 1095 570 1133 A
599 1107 668 1146 quo
697 1094 786 1133 inde
815 1098 976 1146 tempore
1004 1092 1179 1133 Ecclesia
1209 1094 1404 1133 eoestt'terit.

204 1232 338 1273 Credit
381 1235 402 1273 a
441 1231 565 1272 Lasco
622 1232 781 1272 »Iesum
821 1232 1022 1272 Christum
1061 1231 1274 1272 Dominum
1314 1245 1424 1272 suam
1463 1232 1649 1272 habuisse

149 1293 364 1342 Ecclesiam
395 1303 443 1341 ab
473 1303 588 1342 initio
618 1303 757 1341 mundi
777 1301 860 1355 ¹);'’
891 1302 959 1341 uhi
990 1302 1114 1354 igitur
1138 1302 1179 1340 in
1205 1301 1286 1341 Cat.
1312 1301 1438 1341 Lond.
1465 1309 1649 1355 rogatur,

150 1372 245 1424 quid
284 1372 335 1411 sit
365 1371 565 1412 Ecclesia?
605 1372 839 1424 respondet:
898 1371 971 1410 »lk
1002 1371 1173 1424 gheloue
1205 1372 1306 1411 cnde
1338 1372 1522 1412 bekenne
1552 1385 1650 1413 cene

151 1442 499 1494 »vergaderinghc
529 1442 601 1481 der
630 1441 1116 1494 Christengheloouighen
1148 1454 1195 1493 op
1226 1442 1374 1481 aerden
1405 1456 1479 1481 van
1506 1442 1652 1482 Adams

153 1511 308 1562 »tijden
353 1511 484 1564 as²)‚”
530 1517 570 1549 et
615 1511 798 1550 similiter
841 1511 882 1549 in
953 1510 1239 1550 »Confessione
1283 1511 1413 1550 fidei»
1460 1518 1650 1551 testatur:

153 1579 234 1619 »So
270 1580 303 1619 is
341 1580 419 1619 dan
457 1579 506 1618 de
541 1579 784 1632 ghemeynte
825 1578 972 1618 Christi
1012 1580 1061 1619 de
1091 1580 1412 1633 vergaderinghe
1443 1581 1515 1620 der
1543 1595 1651 1621 men-

155 1648 306 1688 »schen
343 1655 427 1688 met
465 1648 590 1688 haren
631 1648 748 1693 zade,
787 1649 851 1688 die
891 1662 966 1688 van
1007 1661 1132 1687 onzen
1167 1656 1325 1688 ecrsten
1354 1650 1477 1689 vader
1507 1650 1653 1696 Adam,

155 1718 368 1771 »cett.³),'’
411 1724 452 1758 et
495 1719 590 1758 alibi
628 1719 821 1770 denique:
880 1717 987 1757 »Hct
1031 1718 1249 1757 ouderdom
1295 1719 1366 1758 der
1409 1719 1653 1772 warachtige

156 1787 434 1839 »Ghemeynte
465 1786 588 1831 Gods,
620 1787 832 1826 hekennen
863 1788 927 1837 wij
960 1788 1001 1826 in
1026 1788 1104 1826 den
1131 1799 1227 1840 roep
1253 1801 1324 1827 ons
1347 1794 1507 1828 eersten
1532 1791 1655 1829 vader

155 1855 330 1893 »Adams
374 1867 424 1893 na
468 1867 596 1905 synen
638 1855 701 1893 val
719 1853 782 1907 ²¹).'’
854 1854 1001 1899 Quodsi
1046 1868 1142 1908 ergo
1181 1863 1338 1895 constat
1376 1857 1592 1899 Ecclesiam
1633 1873 1654 1900 c

153 1929 288 1963 mente
326 1921 442 1962 Lasci-
469 1923 663 1975 originem
696 1923 856 1962 duxisse
888 1937 909 1962 a
938 1924 1077 1963 mundi
1109 1925 1202 1964 inde
1234 1926 1371 1972 initio,
1406 1940 1456 1966 ne
1487 1929 1528 1967 in
1559 1942 1653 1968 voce

156 1992 420 2032 »Ecclesiae'’
459 1993 599 2032 ludere
638 1993 844 2039 videatur,
885 1993 1173 2033 diversissimas
1212 2007 1274 2034 res
1313 1996 1454 2036 eodem
1494 1998 1654 2037 nominc

155 2062 518 2115 comprehendens,
562 2061 918 2101 demonstrandum
963 2069 1087 2102 restat
1126 2065 1274 2104 veteris
1304 2067 1555 2105 oeconomiae
1585 2067 1655 2106 Ec-

156 2132 315 2171 clesiam
354 2144 474 2170 unam
512 2131 633 2170 fuisse
671 2144 809 2170 revera
841 2144 931 2170 cum
960 2130 1135 2171 Ecclesia
1165 2132 1410 2179 Christiana,
1440 2142 1480 2174 et
1509 2137 1655 2175 utrius-

157 2214 245 2253 que.
268 2201 436 2240 similem
466 2213 551 2240 esse
590 2201 639 2240 ad
677 2201 879 2240 Christum
908 2202 1156 2241 relationem.
1215 2202 1287 2241 Hic
1318 2216 1477 2255 quoquc
1507 2205 1655 2246 diserta

157 2272 178 2309 a
208 2270 331 2310 Lasco
365 2270 479 2310 nobis
515 2271 741 2324 suppeditat
776 2271 919 2316 verba,
958 2284 1059 2324 quae
1091 2283 1248 2310 omnem
1277 2271 1571 2314 dubitationem
1601 2276 1656 2315 sa·

158 2341 231 2379 cile
271 2340 427 2378 tollunt.
486 2339 626 2379 »Unus
655 2346 775 2392 atque
805 2340 911 2380 idem
941 2341 1151 2393 utriusque
1181 2340 1381 2382 Ecclesiae
1412 2342 1537 2390 Deus,
1577 2358 1656 2385 una

213 2465 239 2506 7)
263 2467 376 2498 Forma
400 2476 437 2497 ac
459 2466 542 2498 ratio
566 2466 639 2499 min.
662 2466 760 2499 Lond.
785 2476 815 2509 p.
841 2466 916 2498 593.

213 2520 311 2563 ⁸)1b.
334 2532 364 2563 p.
391 2521 449 2560 50,
479 2522 535 2561 53,
569 2523 627 2561 55,
659 2523 716 2561 86,
749 2521 803 2561 97,
833 2523 890 2561 98,
924 2522 1005 2562 106,
1038 2522 1112 2560 107,
1146 2522 1226 2562 108,
1260 2522 1341 2562 126,
1367 2523 1446 2563 130,
1473 2523 1551 2562 131,
1578 2525 1655 2565 132,

163 2577 243 2615 134,
275 2577 353 2614 1663
386 2577 448 2609 593
472 2576 512 2609 al.
540 2577 642 2610 Praei.
675 2577 713 2609 de
742 2578 880 2609 Sacram.
911 2577 988 2617 ἓν»,
1018 2577 1092 2616 23³,
1121 2578 1190 2610 40³.
1224 2579 1291 2611 Cat.
1321 2572 1431 2612 Lond.*
1449 2580 1521 2612 mai.
1551 2592 1580 2623 p.
1607 2582 1658 2615 60.

163 2631 288 2674 passim.
318 2632 367 2663 De
388 2632 605 2664 incarnatione
636 2632 753 2668 Christi
783 2632 818 2664 C.
844 2641 876 2665 v.
901 2645 932 2674 y.
965 2633 1024 2675 Ep.
1048 2632 1093 2664 ad
1118 2633 1231 2666 Christ.
1260 2633 1323 2665 ΙΙΙ.
1350 2634 1426 2674 (Ser.
1451 2638 1517 2667 ant.
1541 2635 1585 2668 Π.
1611 2636 1656 2668 2³.

166 2687 265 2727 6850.
289 2687 347 2729 Ep.
371 2687 417 2718 ad
437 2687 524 2719 Bull.
549 2686 601 2727 (ib.
627 2687 681 2720 1V.
707 2688 751 2719 1²¹.
776 2686 878 2727 457.).

216 2741 241 2780 ⁹)
265 2742 377 2774 Forma
401 2751 439 2774 ac
461 2741 543 2774 ratio
566 2742 638 2774 min.
663 2742 762 2775 Lond.
787 2753 817 2784 p.
836 2742 909 2774 398.
1002 2742 1027 2782 ¹)
1050 2743 1164 2775 Forma
1180 2753 1218 2775 ae
1233 2743 1316 2775 ratio
1333 2743 1405 2776 min.
1421 2744 1519 2777 Lond.
1536 2756 1566 2787 p.
1585 2745 1659 2780 176.

216 2796 242 2836 2)
269 2795 338 2828 Cat.
361 2796 459 2829 Lond.
484 2796 556 2829 maz'.
579 2807 610 2838 p.
636 2795 687 2830 76.
778 2797 804 2837 ³)
832 2797 918 2840 Conf.
933 2797 1025 2840 fidei.
1049 2808 1080 2839 p.
1105 2797 1175 2830 23b.
1201 2799 1376 2837 (HERINGA.
1400 2810 1430 2841 p.
1455 2799 1542 2840 274.)

218 2851 242 2890 ¹¹)
273 2850 359 2894 Conf.
374 2851 466 2894 fidei.
492 2862 522 2893 p.
547 2854 578 2884 4.
601 2860 754 2884 HERINGA
777 2862 808 2894 p.
832 2851 932 2892 235).
964 2853 1010 2884 Cf.
1036 2854 1148 2885 Forma
1172 2863 1210 2886 ac
1231 2856 1291 2887 rat.
1316 2855 1388 2887 min.
1417 2855 1514 2888 Lond.
1539 2865 1569 2897 p.
1595 2855 1657 2887 166

165 2907 197 2938 ct
221 2906 278 2949 Ep.
303 2906 349 2938 acl
370 2907 440 2939 Sen.
464 2907 533 2940 Pol.
561 2907 638 2947 (Ser.
663 2909 729 2940 ant.
754 2906 818 2941 ΙΙΙ.
843 2907 888 2940 1³.
912 2918 941 2949 p.
966 2907 1046 2947 100,
1073 2908 1171 2949 101.).
