1849 3239
899 101 977 140 110

191 233 383 284 quaedam
428 234 593 286 vestigia
638 233 906 286 deprehendi,
950 233 1041 278 ubi,
1084 233 1180 285 quid
1219 234 1268 273 de
1305 233 1473 274 historia
1512 234 1687 275 Ecclesia

192 303 411 347 censuerit,
441 303 599 342 edoceri
624 304 829 355 possimus.
886 302 959 341 Ubi
983 309 1116 341 tamen
1142 303 1275 354 attigit
1299 315 1407 348 eam,
1428 304 1555 344 simile
1581 317 1687 357 pros·

192 383 257 410 sus
287 372 390 423 apud
421 370 588 410 Lascum
618 384 776 424 quoque
802 372 1070 423 spectaculum
1092 371 1307 411 exhibetur
1327 379 1542 425 perpetuae
1569 380 1688 425 atque
1731 425 1736 429 y

192 441 462 480 internecivae
516 441 801 486 dimicationis,
855 454 972 493 quam
1022 454 1111 480 cum
1163 440 1243 480 Deo
1287 442 1476 481 sustinuit
1520 450 1688 482 satanas.

194 509 323 555 Quum
358 511 483 562 igitur
511 523 847 562 supervacaneum
880 510 1093 550 videbatur
1122 511 1182 549 bis
1211 510 1349 549 eadem
1380 518 1582 563 repetere,
1622 511 1689 563 po·

193 580 271 618 tius
306 579 517 618 habuimus
562 579 603 617 in
641 580 821 631 margine
852 581 1084 631 praecipuos
1114 587 1305 619 annotare
1335 581 1462 626 locos,
1499 581 1567 620 ubi
1597 580 1688 620 Las-

193 661 282 687 cum
312 648 352 686 in
383 647 549 687 historia
577 647 776 688 Ecclesiae
802 649 932 689 obiter
956 642 1190 701 exponenda
1216 649 1552 702 deprehendimus
1579 663 1690 690 occu·

195 722 329 769 patum
349 716 403 768 ¹²).

769 992 1004 1041 CAPUT
1044 988 1121 1041 ΙΙ.

706 1121 754 1147 DE
783 1120 991 1147 ECCLESIAE
1006 1118 1008 1121 ’
1022 1119 1199 1147 NOTIONE.

260 1357 287 1411 ς
317 1358 351 1396 ’1.
423 1356 635 1408 Quotuplici
663 1368 773 1396 sensu
802 1355 998 1395 Ecclesiae
1026 1354 1244 1395 voca-bulum
1273 1355 1321 1394 ab
1351 1367 1390 1394 eo
1418 1359 1632 1406 usurpetur.

253 1480 557 1520 Distinctionem
605 1479 788 1519 visibilem
836 1479 1051 1518 Ecclesiam
1096 1479 1203 1517 inter
1245 1485 1364 1530 atque
1408 1477 1634 1517 invisibilem
1676 1490 1697 1516 a

200 1547 312 1588 Lasci
328 1547 611 1600 Ecclesiologia
629 1560 789 1599 prorsus
806 1548 974 1585 alienam
991 1547 1075 1585 esse
1089 1577 1098 1591 ,
1114 1554 1154 1585 ct
1171 1547 1334 1590 nullibi,
1351 1553 1543 1598 quantum
1560 1547 1640 1586 scio
1655 1546 1698 1599 ¹),

200 1619 240 1657 in
279 1618 436 1669 scriptis
474 1617 596 1668 ipsius
635 1616 697 1655 vel
733 1615 863 1654 obiter
892 1616 1214 1660 commemorari,
1254 1627 1359 1654 nunc
1390 1615 1511 1654 verbo
1542 1621 1698 1653 tantum

199 1699 363 1730 moneo,
393 1686 495 1724 infra
522 1697 639 1737 quam
666 1683 961 1723 accuratissime
988 1683 1027 1721 in
1055 1695 1188 1721 veram
1214 1681 1326 1721 Lasci
1354 1683 1402 1722 de
1420 1696 1465 1722 ea
1482 1697 1523 1722 re
1541 1691 1699 1723 senten·

200 1757 295 1795 tiam
313 1755 589 1807 inquisiturus.
620 1753 699 1792 Nee
716 1760 849 1792 tamen
867 1765 1021 1804 semper
1033 1752 1419 1803 etubiquclocorum
1433 1753 1571 1792 eadem
1584 1755 1699 1806 plane

201 1824 490 1877 significatione
516 1824 601 1862 sine
628 1824 709 1861 ullo
734 1823 912 1874 quolibet
938 1823 1166 1872 discrimine
1184 1822 1381 1881 Ecclesiae
1401 1823 1635 1862 vocabulum
1651 1824 1700 1862 ab

202 1907 248 1934 co
277 1901 503 1946 usurpatur.
552 1893 704 1931 Poterit
734 1899 868 1931 autem
898 1893 1099 1944 aptissime
1126 1892 1231 1931 vocis
1255 1891 1453 1932 Ecclesiae
1480 1893 1584 1945 apud
1609 1906 1701 1932 eum

202 1976 296 2003 usus
320 1963 369 2002 ad
395 1963 694 2015 quadruplicem
719 1975 878 2001 sensum
903 1962 1092 2000 revocari.
1150 1961 1199 2000 Et
1222 1968 1317 2000 tunc
1343 1962 1503 2013 quidem
1529 1963 1701 2014 primum

202 2033 400 2072 Ecclesiae
425 2031 660 2070 vocabulum
687 2031 840 2070 inditur
862 2031 1078 2082 unicuique
1119 2047 1134 2064 »
1148 2031 1300 2075 coetui,
1325 2031 1365 2069 in
1392 2032 1511 2070 sacris
1537 2032 1702 2071 aedibus

204 2121 219 2138 »
233 2103 398 2142 collecto
415 2101 479 2155 2).”
523 2100 705 2140 Secundo
728 2100 873 2139 deinde
891 2100 1118 2152 saepissime
1135 2099 1351 2138 adhibetur
1366 2101 1413 2139 ad
1433 2100 1701 2141 denotandam

203 2173 382 2212 fidelium
409 2170 783 2223 congregationem,
810 2170 876 2221 qui
899 2169 1039 2208 eodem
1064 2169 1288 2208 ministerio
1314 2176 1511 2222 reguntur
1526 2171 1565 2224 ³).
1610 2170 1702 2210 Ter-

204 2242 259 2281 tio
290 2242 474 2293 designat
503 2239 820 2279 Christianorum
850 2238 1166 2283 multitudinem,
1207 2251 1306 2289 quae
1337 2251 1409 2291 pro
1437 2240 1615 2279 locorum
1645 2241 1702 2279 di-

245 2441 285 2483 l2)
315 2441 403 2484 Conf.
418 2441 510 2484 fidei.
536 2452 565 2483 p.
589 2442 620 2472 4.
653 2441 827 2480 (HERINGA.
851 2450 882 2482 p.
909 2440 1001 2478 235„
1024 2441 1137 2472 Forma
1159 2450 1196 2472 ae
1218 2442 1280 2472 rat.
1304 2440 1377 2471 min.
1400 2439 1498 2471 Lond.
1521 2439 1577 2480 Ep.
1602 2439 1703 2472 ded-lc.

206 2509 236 2540 p.
262 2498 292 2529 3.
317 2496 417 2538 operis
439 2506 469 2537 p.
496 2496 552 2534 34,
578 2495 657 2532 139,
683 2493 757 2533 207,
782 2495 861 2532 208,
887 2495 966 2532 131,
991 2495 1071 2533 153,
1097 2494 1174 2532 505,
1201 2494 1273 2525 563.
1301 2494 1368 2526 Cat.
1392 2492 1489 2525 Lond.
1506 2495 1578 2526 mai.
1601 2504 1632 2535 p.
1650 2494 1701 2527 20.
1751 2493 1755 2497 ”

208 2553 304 2595 Pur-9.
333 2550 405 2583 min.
432 2551 579 2592 Francos.
603 2561 633 2592 p.
659 2549 710 2581 13.
734 2550 783 2582 De
810 2550 905 2581 missa
929 2551 1051 2592 papali.
1080 2560 1110 2591 p.
1136 2549 1187 2581 21.
1220 2549 1322 2582 Tract.
1351 2549 1390 2580 de
1418 2550 1555 2581 Sacram.
1578 2559 1609 2590 p.
1634 2549 1703 2589 13³,

209 2607 281 2646 71³,
307 2607 381 2644 762¹,
408 2607 495 2639 129³.
518 2606 575 2647 EJJ.
599 2604 644 2636 ad
667 2604 759 2636 Edw.
783 2604 839 2635 VI.
863 2603 904 2636 ib.
929 2615 958 2646 p.
983 2604 1013 2637 2.
1038 2605 1096 2646 Ep.
1120 2604 1165 2635 ad
1186 2605 1255 2636 Seu.
1277 2604 1346 2636 Pol.
1378 2604 1453 2643 (Sor.
1478 2606 1542 2636 ant.
1567 2603 1631 2636 III.
1656 2604 1701 2637 12.

201 2673 231 2704 p.
256 2663 339 2699 103,
365 2661 438 2693 109.

262 2716 287 2757 1)
312 2715 360 2748 Sc.
384 2715 416 2745 in
443 2713 577 2750 libellis,
602 2723 678 2755 quos
701 2712 838 2744 nondum
862 2712 999 2754 reperire
1020 2713 1125 2754 potui,
1149 2712 1315 2745 discrimen
1340 2713 1423 2745 illud
1449 2713 1565 2745 frustra
1587 2713 1706 2756 quaesi-

209 2774 279 2804 tum
303 2770 361 2807 iri,
386 2769 535 2800 affirmare
563 2768 680 2806 ausim,
706 2778 762 2798 nee
789 2768 894 2798 tamen
919 2769 1003 2798 certo
1028 2767 1101 2798 seio.

263 2827 289 2867 2)
313 2827 425 2857 Forma
449 2835 486 2855 tw
508 2824 591 2855 ratio
617 2824 689 2855 min.
713 2822 812 2855 Lond.
837 2833 866 2864 p.
893 2823 966 2854 309.
992 2821 1039 2856 Cf.
1062 2821 1103 2854 ib.
1129 2822 1203 2862 307,
1222 2822 1311 2860 308,
1337 2822 1416 2860 310,
1446 2821 1521 2860 317,
1546 2821 1607 2854 321
1632 2832 1702 2863 pas-

211 2882 281 2914 sim.
311 2878 412 2912 Trcwt.
435 2878 474 2910 de
499 2879 635 2910 Sacram.
660 2888 690 2919 p.
718 2877 806 2909 1062.

263 2937 290 2977 ³)
314 2935 427 2968 Forma
450 2945 487 2966 ac
509 2934 592 2966 ratio
615 2934 687 2966 min.
710 2932 808 2965 Lond.
834 2943 863 2973 p.
890 2932 963 2964 538.
