1849 3239
845 71 923 112 ’169

141 207 237 246 tione
266 217 336 245 saa
359 206 590 258 praelucere.
650 204 678 244 S
688 205 906 250 citiores,
935 205 1097 245 arctiore
1126 218 1237 246 sensu
1266 208 1320 246 sic
1347 208 1457 254 dicti,
1487 210 1529 249 in
1556 223 1629 250 om·

138 275 250 314 nibus
292 275 393 313 verbi
433 274 620 314 ministris
662 274 809 313 auxilio
852 275 928 313 sint
965 280 1073 327 atque
1111 275 1344 322 adimnentO,
1383 279 1629 328 peculiariter

138 349 262 383 tamen
289 356 434 383 morum
462 356 660 383 censuram
687 344 922 383 commissam
950 344 1022 383 sibi
1052 344 1234 390 habeant,
1272 357 1384 397 qaam
1407 359 1478 397 per
1505 348 1630 387 varios

136 412 361 463 disciplinae
393 413 536 464 aradus
573 413 723 452 comiter
756 425 898 464 semper
927 418 960 451 et
989 413 1142 452 nonnisi
1171 426 1217 452 ea*
1246 413 1440 453 Ecclesiae
1467 417 1627 455 auctori-

135 485 210 519 tate
238 486 365 533 ayant.
424 482 609 521 Accedant
634 482 683 520 iis
706 482 931 527 diaconi,
961 483 1024 534 qai
1046 488 1198 534 praeter
1223 483 1441 523 tabularum
1463 485 1627 524 ministe-

133 550 233 589 rium
270 551 358 603 fidei
395 564 534 604 qnoque
566 550 772 603 paritatem
810 555 843 589 ct
883 551 1110 590 honestatem
1144 565 1289 592 moram
1319 553 1418 592 inter
1442 565 1628 605 pauperes

129 631 344 671 promovere
372 626 480 672 atque
510 619 607 659 tueri
629 631 701 671 pro
729 619 834 658 virili
862 620 1003 658 clebcnt.

706 927 927 977 CAPUT
971 929 1048 976 Vt.

250 1066 457 1094 ECCLESIAE
485 1066 586 1093 ERGA
615 1050 911 1092 msst-:NTJENTES
939 1064 988 1090 ET
1017 1064 1290 1092 MAGISTRATUM
1320 1066 1499 1094 RELATIO.

407 1314 433 1367 ς
470 1315 504 1352 1.
561 1313 755 1352 Ecclesiae
783 1324 874 1364 erya
902 1312 1163 1353 dissentientes
1191 1315 1337 1354 relatio.

171 1453 257 1492 Non
298 1466 434 1493 omnes
473 1467 493 1492 a
534 1466 573 1492 se
614 1453 896 1492 dissentientes
931 1453 1071 1492 eodem
1109 1454 1194 1492 loeo
1234 1461 1352 1506 atque
1393 1467 1560 1494 numero
1596 1457 1617 1493 a

116 1522 239 1562 Laseo
274 1523 437 1568 habuit,
476 1523 545 1562 sed
584 1535 678 1562 vero
716 1522 836 1574 probe
867 1522 1199 1574 distinguendum
1229 1536 1314 1563 esse
1344 1532 1479 1563 censet
1509 1525 1614 1564 inter

116 1587 204 1637 eos,
243 1593 310 1644 qui
340 1592 649 1631 Romanensium
679 1591 877 1630 Ecclesiae
908 1592 1228 1631 communionem
1258 1601 1444 1645 expetere
1475 1593 1611 1632 ctiam-

114 1669 210 1700 tunc
249 1660 489 1713 pergebant,
533 1667 573 1699 et
613 1673 698 1705 eos,
742 1660 808 1711 qui
852 1660 958 1698 inter
997 1660 1099 1711 ipsos
1141 1659 1409 1699 Protestantes
1448 1662 1530 1700 sive
1570 1662 1610 1700 in

115 1731 318 1770 doctrinae
357 1730 452 1768 locis
491 1730 747 1782 quibusdam,
787 1729 868 1767 sive
904 1729 945 1767 in
976 1730 1096 1767 sacris
1126 1729 1269 1769 ritibus
1298 1731 1609 1776 constituendis,

103 1800 237 1852 magis
276 1800 456 1838 minusve
495 1799 675 1838 diversae
716 1799 938 1837 sententiae
969 1798 1349 1850 patrocinabantur:
1383 1795 1608 1838 'Romanen-

114 1869 215 1907 sium
246 1869 475 1921 sacrilegam
505 1867 575 1907 Dei
601 1868 757 1907 colendi
787 1868 983 1906 rationem
1008 1868 1033 1920 ¹)
1063 1868 1161 1906 adeo
1187 1868 1464 1907 detestabatur
1488 1876 1607 1920 atque

111 1938 152 1976 in
178 1937 470 1976 abominatione
495 1937 667 1976 habebat
693 1944 843 1981 noster,
871 1943 914 1975 ut
939 1944 1117 1982 censeat,
1154 1926 1297 1987 ›ihetzij
1325 1950 1451 1976 eenen
1477 1936 1605 1976 Chris-

109 2023 125 2039 »
141 2012 260 2044 tenen
303 2005 489 2044 mensche
534 2004 748 2057 gheensins
787 2004 985 2056 gheorlost
1024 2004 1192 2057 eenigbe
1233 2005 1525 2058 ghemcynscap
1564 2007 1604 2045 in

110 2075 211 2113 »alle
248 2076 376 2124 ziJnen
416 2075 698 2126 godsdiensten
739 2081 779 2112 te
819 2074 976 2112 hebben
1007 2074 1093 2127 ²):''
1132 2075 1289 2112 missam
1329 2075 1509 2126 inprimis
1541 2088 1603 2126 pa-

108 2144 256 2195 palem,
296 2156 388 2182 »om
418 2140 538 2182 hdrer
563 2144 807 2196 grouwlicke
840 2143 1125 2196 godtloosheyt
1156 2143 1300 2182 wille'’
1332 2144 1516 2196 religiose
1548 2145 1602 2183 vi—

107 2213 267 2251 tandam
298 2225 383 2251 esse
417 2213 533 2252 docet
556 2214 594 2266 3).
653 2212 751 2258 Quia
793 2220 923 2251 tamen
963 2226 1033 2265 per
1064 2214 1329 2265 ignorantiam
1368 2214 1600 2265 plerumque

107 2291 147 2320 et
185 2283 322 2321 iudicii
357 2283 560 2321 levitatem
601 2282 908 2321 Romanensium
947 2295 1055 2320 sacra
1094 2281 1276 2320 homines
1310 2282 1420 2333 sequi
1451 2283 1599 2325 solent,

105 2351 154 2390 dc
193 2352 287 2403 ipsis
324 2350 443 2390 huius
480 2351 679 2391 Ecclesiae
720 2351 983 2390 sectatoribus
1013 2352 1248 2390 clementius
1287 2351 1426 2402 utique
1455 2352 1598 2395 sentit,

105 2420 172 2458 ubi
212 2420 377 2459 fatetur:
417 2419 529 2472 »Ego
568 2421 748 2460 homines
786 2422 890 2473 ipsos
920 2421 1018 2460 adeo
1048 2433 1127 2459 non
1158 2421 1243 2465 odi,
1274 2427 1317 2459 ut
1346 2433 1409 2459 me
1441 2420 1487 2459 iis
1517 2433 1597 2459 non

104 2501 318 2540 »euperem
359 2489 544 2541 prodesse
584 2503 697 2543 posse
727 2503 797 2543 pro
827 2491 1024 2529 tenuitate
1053 2503 1140 2529 mea
1166 2490 1235 2542 4).”
1282 2488 1473 2528 Similiter
1501 2490 1597 2528 alios

103 2571 260 2609 quoque
299 2558 551 2604 exhortatur,
590 2566 635 2598 ut
673 2559 721 2598 ab
757 2560 847 2598 odio
887 2572 926 2599 sc
967 2560 1197 2599 contineant
1232 2566 1272 2598 et
1307 2559 1515 2603 conviciis,
1555 2566 1595 2597 ct

72 2769 74 2771 .
140 2742 163 2781 ¹)
190 2743 247 2784 Ep.
279 2742 324 2775 acl
351 2743 511 2777 Hardenb.
548 2746 625 2785 (Ser.
659 2748 723 2777 ant.
755 2745 799 2777 ΙΙ.
831 2747 875 2778 1³.
904 2746 1002 2786 483.).
1041 2745 1087 2777 Cf.
1113 2746 1166 2787 Ep.
1201 2745 1246 2776 ad
1275 2744 1366 2777 eund.
1396 2744 1452 2785 (ib.
1477 2745 1520 2778 ΙΙ.
1547 2746 1589 2776 1³.

98 2798 161 2832 487
187 2801 219 2829 et
241 2798 315 2830 488.
450 2800 475 2840 2)
501 2801 550 2832 De
572 2802 667 2833 missa
684 2802 797 2844 papali
812 2812 841 2843 p.
860 2801 917 2840 21,
943 2802 994 2833 23
1026 2801 1073 2833 Cf.
1097 2801 1197 2833 Tract.
1226 2800 1264 2832 de
1288 2801 1425 2832 Sacram.
1449 2811 1478 2842 p.
1502 2800 1590 2831 141³.

135 2853 161 2893 ³)
186 2853 235 2885 De
259 2855 353 2884 missa
368 2854 482 2895 papali
504 2865 534 2896 p.
559 2854 610 2886 25.
635 2854 680 2886 Cf.
706 2855 748 2887 ib.
773 2867 802 2898 p.
828 2856 879 2886 26.

137 2909 162 2948 4)
187 2908 243 2950 Ep.
269 2908 314 2940 ad
337 2909 410 2940 Sea.
434 2909 502 2941 Pol.
531 2910 608 2949 (Ser.
633 2913 698 2942 ant.
722 2910 784 2941 ΠΙ.
812 2911 855 2942 1²¹.
880 2921 910 2953 p.
937 2910 1033 2951 117.>.
