1849 3239
928 93 1006 132 454-

220 232 381 271 »absint
398 231 494 284 ²⁵),''
526 236 567 269 et
597 242 669 268 nos
699 239 835 268 omnes
879 245 894 262 »
908 229 1032 280 regit,
1062 232 1108 265 ut
1137 226 1242 265 idem
1273 237 1408 264 omnes
1436 231 1477 264 et
1501 225 1716 263 sentiamus

221 308 290 340 »et
328 301 537 352 loquamur
567 299 615 337 ad
646 298 811 350 gloriam
842 296 1033 335 adorandi
1064 296 1124 334 sui
1154 295 1325 333 nominis
1340 294 1423 347 2θ),”
1479 293 1563 333 Etsi
1593 294 1716 345 igitur

221 371 377 424 proprie
432 368 536 407 Deus
592 379 789 405 summum
838 366 878 403 in
924 365 1093 403 Ecclesia
1137 365 1347 415 imperium
1390 363 1531 408 habet,
1583 371 1717 402 tamen

223 440 369 479 »Pater
397 438 523 476 filium
553 449 667 474 suum
697 435 895 473 honorare
925 434 1050 472 voluit
1080 433 1172 471 dato
1203 433 1259 470 illi
1290 433 1399 470 iuxta
1429 433 1717 483 providentiam
1741 422 1745 426 ¹

224 521 364 548 »suam
395 518 519 558 regno
546 504 628 558 ²⁷).''
686 503 867 541 Christus
896 503 1019 554 igitur
1050 502 1242 540 Ecclesiae
1273 501 1314 539 in
1344 507 1460 552 caput
1490 513 1533 538 ac
1562 499 1718 552 pontifi-

225 591 340 618 »cem
378 584 586 615 aeternum
626 574 742 612 datus
781 579 841 610 est
858 571 953 624 23),”
982 578 1027 610 ut
1084 583 1184 609 »nos
1215 582 1350 609 omnes
1389 582 1580 622 regesque
1621 569 1719 608 adeo

226 655 412 686 »nostros
450 644 561 683 verbi
598 644 657 681 sui
699 642 958 686 auctoritate,
997 641 1226 692 hypocritas
1266 652 1359 678 vero
1399 646 1439 677 ct
1474 639 1720 678 adversarios

227 718 385 755 »ferreo
416 727 487 753 suo
517 719 672 764 sceptro
702 717 815 762 regat
846 717 965 761 atque
995 716 1216 761 compescat
1233 708 1317 761 2⁹).”
1374 708 1586 759 Postquam
1615 709 1721 746 enim

227 785 406 824 Christus
441 784 545 822 vitae
581 793 674 820 suae
713 780 833 819 finem
872 779 1135 831 imposuerat,
1166 779 1207 816 in
1233 778 1386 816 coelum
1428 777 1606 816 sublatus
1641 784 1722 821 est,

229 854 326 893 »ubi
361 854 437 891 iam
478 858 537 890 est
570 851 611 889 in
642 848 1002 901 supercoelestibus
1032 848 1081 886 ad
1111 848 1316 886 dexteram
1347 848 1469 899 patris
1500 847 1559 885 sui
1590 847 1631 885 in
1661 858 1723 884 aew

229 941 244 958 n
259 931 371 962 terna
408 922 531 974 gloria
571 921 807 962 collocatus,
846 918 953 956 unde
992 918 1220 955 etiamnunc
1259 917 1392 955 divina
1436 928 1504 954 sua
1546 915 1725 967 potentia

228 1010 243 1027 »
257 1004 367 1031 suam
397 989 611 1029 Ecclesiam
647 988 694 1027 ad
725 987 870 1026 saeculi
900 998 1025 1037 usque
1050 980 1437 1024 'consummationem
1467 985 1572 1036 regit
1603 990 1721 1034 atque

231 1079 246 1096 »
260 1060 439 1100 defendit
456 1057 536 1111 30).”
595 1055 772 1095 »Sedere
798 1055 897 1093 illud
928 1055 977 1092 ad
1007 1054 1212 1092 dexteram
1244 1052 1416 1097 Patris‚'’
1446 1053 1501 1091 ita
1532 1052 1724 1103 interpre-

232 1130 395 1169 tandum
427 1134 507 1172 est,
566 1127 662 1165 »dat
693 1125 746 1175 hij
778 1125 895 1177 (oock
926 1125 965 1162 in
997 1109 1046 1162 (le
1076 1117 1370 1161 menschelicke
1395 1129 1584 1165 natuere,
1616 1132 1726 1158 over-

232 1199 363 1238 »mids
402 1196 514 1235 datze
553 1201 635 1232 met
674 1193 723 1231 de
759 1191 995 1243 goddelicke
1026 1190 1262 1241 vereenight
1292 1190 1356 1242 is),
1397 1187 1649 1250 gheweldiclg
1678 1188 1728 1226 de

233 1269 311 1306 »de
342 1278 433 1307 cere
465 1262 711 1314 ontsanghen
740 1250 862 1299 heeft*
881 1260 1006 1299 onder
1034 1260 1109 1298 alle
1139 1258 1346 1311 Enghelen
1372 1259 1473 1297 ende
1498 1266 1729 1302 creaturen‚

235 1334 499 1388 »regierende
533 1339 615 1371 met
644 1331 722 1370 den
752 1329 903 1374 Vader,
942 1342 1017 1367 van
1048 1329 1211 1372 wtden
1243 1328 1401 1380 eyghen
1432 1336 1549 1366 troon
1579 1328 1731 1380 zynder

235 1403 544 1454 »heerlickheyt
592 1401 666 1439 mit
713 1399 933 1451 ghelycker
979 1397 1121 1436 kracht
1160 1397 1262 1436 ende
1302 1398 1427 1449 glorie
1467 1409 1560 1436 over
1597 1397 1730 1436 hemel

237 1475 367 1514 »ende
404 1472 543 1516 acrde;
582 1471 664 1509 also
702 1469 770 1507 dat
808 1468 901 1506 hem
940 1466 1131 1518 buyghen
1169 1467 1299 1505 zullen
1339 1467 1412 1504 alle
1447 1466 1605 1517 knyen,
1638 1466 1732 1504 hem

235 1545 409 1583 »dienen
450 1542 525 1580 alle
568 1546 797 1582 creaturen‚
845 1536 936 1575 hem
985 1535 1197 1574 bekennen
1242 1535 1344 1574 ende
1393 1535 1616 1574 aanbidden
1656 1536 1730 1574 alle

238 1612 444 1664 »tonghen
462 1610 543 1664 3’).”’
601 1608 699 1647 »1116
739 1608 862 1660 igitur
901 1618 1078 1645 summus
1107 1605 1262 1657 regium
1293 1605 1468 1643 omnium
1498 1618 1568 1644 rex
1598 1611 1658 1643 est
1688 1618 1731 1643 ac

237 1681 498 1722 »nomotheta
525 1679 611 1733 32),”
654 1678 717 1716 cui
762 1689 928 1716 »omnes
972 1676 1094 1714 totius
1133 1675 1239 1713 orbis
1277 1681 1474 1713 terrarum
1514 1681 1654 1726 gentes
1689 1675 1731 1712 in

238 1752 554 1805 »possessionem
585 1749 761 1798 adeoque
799 1754 838 1785 et
876 1745 1167 1784 haereditatem
1207 1750 1409 1783 aeternam
1445 1757 1465 1782 a
1505 1743 1586 1782 Deo
1621 1750 1731 1796 patre

239 1821 430 1861 »coelesti
470 1819 640 1858 traditae
680 1823 773 1855 sunt
790 1815 880 1869 ³³),’‘
919 1815 958 1854 et
1012 1832 1026 1849 »
1041 1815 1082 1853 in
1112 1815 1224 1865 cuius
1253 1815 1377 1866 igitur
1406 1814 1587 1858 nomine,
1625 1819 1733 1865 pote-

240 1898 370 1930 »state
410 1896 529 1940 atque
568 1887 828 1929 auctoritate,
867 1886 908 1923 in
948 1885 1059 1922 cuius
1098 1869 1326 1923 maiestatis
1350 1883 1522 1933 denique
1552 1894 1733 1934 conspec-

242 1959 413 2012 ›>tu³*¹)''
452 1957 582 1996 onmia
613 1957 653 1995 in
685 1955 855 1993 Ecclesia
886 1954 1021 2006 peragi
1053 1952 1212 1991 debent.
1265 1951 1424 2004 Spectat
1441 1958 1574 1990 autem
1591 1950 1735 1990 Christi

280 2110 320 2150 25)
346 2110 404 2150 Ep.
428 2108 474 2139 ad
494 2108 580 2139 Ball.
605 2108 687 2148 (Ser.
710 2109 775 2138 ant.
799 2105 854 2137 IV.
880 2106 925 2137 121.
949 2105 1048 2145 446).

281 2165 321 2203 26)
349 2164 451 2196 Tract.
480 2164 518 2196 de
543 2166 681 2196 Sacram.
698 2162 793 2205 praef.
822 2173 852 2204 p.
877 2161 930 2193 16.
959 2161 1007 2193 Cf.
1030 2161 1066 2191 de
1090 2159 1206 2202 spiritu
1229 2161 1311 2198 soto,
1328 2160 1376 2191 De
1399 2160 1493 2191 missa
1511 2159 1624 2201 papali
1638 2168 1668 2199 p.
1687 2159 1738 2191 10.

245 2221 301 2262 Ep.
331 2219 374 2250 ad
399 2220 486 2251 Ball.
514 2222 546 2251 et
566 2220 677 2251 Peme.
704 2219 781 2258 (Ser.
805 2219 871 2248 ant.
896 2215 951 2247 IV.
976 2217 1021 2247 la.
1047 2215 1146 2255 464),
1169 2215 1225 2256 Ep.
1247 2214 1291 2246 ad
1310 2214 1398 2246 Ball.
1423 2213 1476 2253 (ib.
1497 2213 1553 2245 IV.
1573 2213 1618 2245 1³.
1639 2213 1738 2253 469).

245 2275 301 2316 Ep.
331 2274 375 2305 ad
396 2274 465 2306 Sen.
494 2275 563 2307 Pol.
593 2273 647 2314 (ib.
671 2273 735 2304 III.
764 2273 810 2303 1³.
834 2270 925 2310 73).).
949 2271 1062 2302 Forma
1086 2280 1124 2301 ac
1144 2272 1205 2300 rat.
1229 2269 1301 2299 min.
1324 2267 1422 2299 Lond.
1446 2277 1475 2308 p.
1502 2267 1559 2304 16,
1584 2267 1641 2305 36,
1666 2266 1740 2298 365.

249 2330 296 2361 De
318 2330 440 2361 incarn.
467 2329 584 2361 Christi
605 2339 635 2370 p.
660 2330 704 2360 K.
728 2336 773 2359 IV.
798 2331 835 2364 β.
863 2326 931 2358 Cat.
955 2326 1054 2357 Lond.
1078 2325 1150 2356 mai.
1169 2335 1199 2365 p.
1224 2323 1264 2357 75
1289 2324 1320 2353 et
1339 2324 1408 2354 Cat.
1424 2322 1514 2354 Emd.
1531 2322 1603 2354 mai.
1619 2334 1670 2365 qu.
1687 2322 1740 2353 43.

285 2384 324 2423 27)
350 2384 397 2415 De
418 2384 575 2416 incarnat.
602 2383 717 2414 Christi
739 2382 776 2413 B.
802 2390 833 2414 V.
859 2384 892 2422 ζ.
1070 2379 1110 2420 28)
1135 2378 1182 2411 11).
1206 2390 1236 2421 p.
1261 2377 1296 2409 C.
1319 2386 1351 2408 V.
1377 2378 1411 2409 δ’.

287 2438 326 2478 2⁹)
351 2438 408 2479 Ep.
432 2437 477 2468 ad
498 2438 567 2469 Seu.
591 2438 660 2468 Pol.
687 2438 763 2476 (Ser.
787 2439 853 2469 ant.
878 2435 940 2466 ΙΙΙ.
966 2436 1011 2467 la.
1037 2434 1100 2474 92.)

286 2493 328 2533 3⁰)
356 2493 470 2524 Forma
493 2503 532 2523 ao
553 2494 613 2523 rat.
638 2493 711 2523 min.
735 2491 831 2523 Lond.
855 2501 885 2532 p.
911 2491 985 2525 175.

288 2548 328 2587 ³¹)
357 2548 422 2579 Cat.
446 2547 544 2578 Lond.
573 2557 603 2588 p.
627 2547 680 2581 71.
709 2545 755 2578 Cs.
782 2546 884 2577 Traet.
912 2546 952 2577 de
979 2547 1114 2577 Sacram.
1138 2555 1168 2586 p.
1194 2543 1286 2576 129b.
1323 2546 1384 2587 Ep.
1412 2544 1457 2576 ad
1481 2545 1551 2576 Sen.
1575 2545 1645 2577 Pol.
1668 2545 1745 2583 (Ser.

251 2605 317 2634 ant.
341 2602 404 2634 ΠΙ.
430 2603 474 2634 1³.
500 2602 557 2640 94,
583 2603 660 2642 95.).

288 2656 330 2695 32')
356 2657 410 2698 Ep.
435 2657 480 2688 ad
500 2657 586 2689 Edw.
612 2657 667 2688 VI.
690 2667 807 2699 praem.
835 2658 937 2689 Pract.
961 2657 1000 2688 de
1024 2658 1162 2688 Saermn.
1186 2667 1215 2698 p.
1240 2657 1292 2687 16.

290 2711 330 2750 33)
357 2712 416 2752 Ep.
439 2711 484 2742 ad
510 2713 579 2743 Sen.
609 2713 679 2744 Pol.
707 2713 784 2751 (Ser.
810 2714 877 2742 ant.
900 2711 963 2744 III.
989 2713 1034 2744 la.
1059 2722 1088 2753 p.
1114 2710 1178 2751 74).
1215 2710 1260 2742 Cf.
1287 2712 1349 2753 Ep.
1373 2711 1473 2743 dedic.
1497 2721 1614 2753 praem.
1636 2710 1749 2741 Forma

253 2778 273 2798 a
310 2766 412 2798 Tract.
437 2767 509 2797 min.
533 2767 631 2798 Lond.
659 2777 689 2808 p.
711 2767 762 2798 63.
793 2768 860 2797 Cal.
890 2767 989 2798 Lond.
1019 2767 1090 2798 mai.
1118 2777 1149 2807 p.
1178 2767 1217 2801 71
1246 2766 1280 2797 in
1306 2768 1377 2798 fine.
1408 2768 1456 2798 De
1481 2767 1603 2798 incarn.
1634 2764 1749 2796 Christe:

257 2820 291 2852 C.
316 2828 348 2850 V.
377 2833 408 2860 γ.
443 2823 532 2864 Corqf.
548 2822 632 2864 fidei
662 2833 692 2864 p.
725 2821 776 2853 12.
806 2822 982 2861 (HERINGA.
1007 2822 1099 2861 251),
1137 2833 1167 2863 p.
1195 2822 1246 2854 18.
1277 2822 1330 2862 (ib.
1356 2822 1449 2862 264),
1474 2832 1504 2863 p.
1530 2821 1549 2851 3
1577 2820 1631 2860 (ib.
1660 2819 1747 2858 53:34).

255 2875 311 2917 Ep.
336 2875 380 2906 ad
401 2875 561 2909 Hardenb.
587 2878 664 2916 (Ser.
689 2879 756 2908 ant.
780 2875 824 2908 Π.
850 2877 895 2908 2³.
921 2878 1019 2917 637),

293 2929 334 2969 34)
359 2931 471 2962 Forma
494 2942 533 2963 ac
554 2933 614 2963 ναί.
639 2931 712 2963 min.
736 2929 835 2963 Lond.
859 2941 889 2973 p.
916 2932 989 2964 359.
1015 2931 1063 2964 Cf.
1086 2929 1130 2963 ib.
1155 2942 1185 2973 p.
1204 2932 1283 2963 398.
