1849 3239
819 53 896 93 165

114 204 213 231 »nes
240 191 281 229 in
310 189 484 229 Ecclesia
513 189 734 228 simultates
768 195 886 241 atque
919 188 1083 228 discidia
1113 190 1235 229 amice
1265 199 1501 244 componant
1516 193 1597 247 29).”

114 278 130 296 n
145 260 280 300 Totius
318 259 514 299 Ecclesiae
553 259 710 297 nomine
749 258 963 310 diligenter
999 258 1109 297 verbi
1144 259 1348 299 ministros
1386 261 1598 301 observent

114 331 184 369 »in
217 329 418 373 doctrina,
458 329 535 367 vita
576 335 694 379 atque
733 327 1031 366 conversatione
1070 327 1227 366 illorum
1244 328 1337 381 ³⁰),'’
1368 337 1408 368 et
1437 330 1504 368 ubi
1534 344 1598 370 res

112 400 152 439 id
177 400 231 438 ita
257 399 448 450 postulat,
474 398 741 437 »admoneant
766 398 956 448 primum,
982 397 1167 449 deinceps
1191 398 1410 437 destituant
1436 411 1503 437 eos
1518 399 1599 452 31).”

113 468 297 507 Seniores
336 480 492 519 quoque
532 474 714 519 aegrotos
753 466 913 505 visitare
951 466 1184 518 debent32),
1223 467 1358 506 adesse
1389 467 1499 506 verbi
1527 468 1599 507 mi·

111 538 246 578 nistris
284 538 324 576 in
364 549 485 575 coena
523 535 758 575 celebranda
776 535 841 587 ³³),
885 536 1030 587 »longe
1069 542 1201 574 autem
1240 537 1423 588 primaria
1454 536 1597 576 officio-

113 619 230 645 »rum
268 619 405 645 eorum
441 618 529 657 pars
568 606 669 643 cirea
704 604 949 655 disciplinam
981 611 1178 648 versatur,
1210 605 1249 643 in
1280 606 1391 644 cuius
1422 619 1495 645 usu
1526 607 1599 645 toti

113 687 296 727 »semper
330 682 369 713 ct
404 675 550 713 assidui
587 686 802 725 numquam
837 685 915 712 non
946 686 1030 712 esse
1060 673 1208 712 debent
1233 674 1315 726 Μ).”
1340 697 1392 703 —
1417 675 1597 714 Diacono-

113 756 198 783 rum
235 743 374 796 officia.
441 742 623 786 Diaconi,
662 743 732 781 »in
774 742 916 793 quibus
946 741 1044 781 fides
1074 749 1114 781 et
1148 742 1354 795 diligentia
1384 744 1600 784 desiderari

113 812 222 852 »tion
260 819 390 866 potest
415 813 511 865 35),”
552 813 625 851 viri
665 812 744 850 sint
789 812 921 864 »pleni
962 812 1103 864 spiritu
1133 819 1237 856 scto,
1267 813 1307 850 in
1337 813 1481 864 quibus
1510 825 1601 852 con·

114 883 275 935 »spicua
315 882 365 920 sit
398 894 530 920 rerum
570 881 794 920 divinarum
824 880 1116 934 cogitati0³⁶)?’
1173 880 1317 920 Eorum
1348 895 1492 922 munus
1531 883 1602 922 »in

113 951 299 990 »duobus
327 951 574 1003 potissimum
604 950 806 994 consistit,
836 962 976 1002 nempe
1006 950 1044 988 in
1077 951 1213 989 sedula
1243 964 1286 989 ac
1315 951 1498 1003 diligenti
1527 953 1602 991 col-

113 1037 129 1055 »
142 1020 312 1059 lectione
352 1026 470 1071 atque
510 1020 605 1057 item
640 1019 680 1057 in
712 1018 892 1057 fideli-ac
922 1019 1109 1070 prudenti
1140 1018 1493 1071 Eleemosynarum
1523 1021 1599 1060 dis-

112 1090 373 1142 »pensatione
400 1088 481 1141 ³⁷).''
538 1087 626 1126 Sint
655 1088 695 1126 in
725 1087 947 1126 ministerio
973 1100 1043 1126 suo
1075 1088 1258 1127 obeundo
1290 1089 1421 1141 »pleni
1451 1091 1602 1142 sapien-

112 1175 127 1193 >³
142 1159 236 1203 tiae,
275 1170 323 1196 ne
364 1158 459 1209 quid
498 1164 646 1196 temere
686 1157 726 1194 in
757 1156 1050 1208 dispensatione
1081 1156 1433 1209 Eleemosynarum
1463 1165 1599 1210 agant,

111 1243 126 1260 υ
140 1239 240 1265 neve
270 1233 523 1277 praepostere
554 1226 640 1264 illas
670 1232 836 1277 erogent
853 1225 940 1277 38),”
970 1232 1010 1264 et
1045 1226 1114 1264 »in
1140 1233 1255 1265 coetu
1284 1234 1488 1266 menstruo
1513 1240 1600 1280 pro-

77 1316 79 1318 ·
110 1284 276 1348 »positis
315 1307 446 1334 coram
485 1295 678 1333 ministris
716 1308 759 1333 ae
798 1293 1029 1333 Senioribus
1061 1302 1311 1347 acceptarum
1341 1303 1381 1335 et
1410 1309 1598 1348 expensa-

105 1380 122 1399 »
135 1378 222 1404 rum
254 1364 604 1416 Eleemosynarum
636 1363 800 1407 tabulis,
830 1365 1024 1403 rationem
1060 1365 1215 1404 illarum
1246 1366 1420 1404 omnium
1451 1365 1596 1404 subdu-

106 1442 225 1473 »cant
252 1433 336 1484 ³⁹).”
403 1432 480 1471 Sed
519 1440 578 1472 est
618 1445 775 1484 quoque
815 1440 1021 1484 praeterea
1060 1433 1185 1472 debiti
1225 1433 1420 1484 officiique
1460 1446 1599 1472 eorum

104 1504 234 1541 »circa
274 1501 625 1553 Eleemosynarum
656 1502 1012 1553 dispensationem,
1043 1515 1259 1554 egenorum
1291 1515 1448 1554 quoque
1478 1502 1598 1542 fidem

102 1584 179 1611 nac·
215 1572 404 1623 pietatem
441 1571 668 1622 explorare,
707 1577 747 1609 et
786 1583 852 1609 eos
892 1571 1016 1609 debiti
1057 1572 1230 1623 ipsorum
1270 1584 1362 1623 erga
1399 1571 1522 1610 Deum
1552 1585 1596 1610 ac

102 1639 346 1679 »Ecclesiam
386 1640 600 1691 diligenter
639 1639 850 1678 admonere
876 1639 958 1692 ²⁰).”
1014 1639 1260 1679 Subveniant
1291 1640 1523 1679 Senioribus
1553 1641 1593 1679 in

99 1710 140 1747 in
171 1722 198 1747 s.
229 1722 374 1747 coenae
405 1709 750 1747 administratione
777 1710 846 1761 ⁴¹),
886 1722 962 1747 una
1002 1722 1090 1747 eum
1125 1710 1265 1748 iisdem
1297 1710 1337 1748 in
1370 1709 1592 1761 Prophetiis

99 1779 154 1817 sie
193 1778 308 1816 dictis
347 1778 551 1816 doctrinae
591 1779 754 1829 puritati
793 1779 1000 1816 consulant
1025 1778 1092 1831 ¹¹2),
1131 1785 1170 1816 et
1209 1791 1276 1816 sua
1308 1779 1349 1820 in
1379 1777 1589 1817 seniorum

97 1859 283 1886 concessu
313 1848 535 1899 praesentia
566 1847 758 1892 efficiant,
799 1854 872 1885 »ut
902 1848 942 1885 in
973 1859 1044 1886 suo
1073 1848 1295 1886 ministerio
1326 1860 1396 1899 pro
1426 1848 1589 1899 collegis

96 1915 415 1966 »quodammodo
455 1915 654 1953 seniorum
695 1928 737 1952 ac
777 1914 887 1952 verbi
926 1915 1199 1954 ministrorum
1238 1928 1257 1953 a
1298 1922 1380 1954 tota
1414 1915 1587 1955 Ecclesia

95 1983 347 2023 »habeantur
372 1982 462 2033 ¹¹³).''
501 2006 553 2011 —
593 1983 653 2022 Ad
691 1983 948 2022 diaconorum
996 1985 1261 2022 ministerium
1300 1983 1376 2023 hoe
1414 1985 1585 2037 denique

92 2053 287 2105 pertinet,
317 2059 361 2091 ut
392 2053 578 2091 alimenta
608 2053 824 2104 praebeant
855 2053 1060 2092 ministris.
1108 2053 1251 2092 Censet
1281 2055 1387 2092 enim
1416 2055 1437 2092 a
1463 2053 1584 2094 Lasco

93 2117 293 2160 »officium
324 2134 409 2160 esse
439 2121 635 2160 Ecclesiae
666 2135 758 2174 erga
788 2122 898 2160 verbi
929 2123 1145 2166 ministros,
1171 2130 1215 2160 ut
1240 2123 1316 2161 illis
1342 2123 1390 2161 de
1415 2122 1581 2162 honesta

91 2208 107 2225 n
122 2191 281 2230 vivendi
311 2191 463 2229 ratione
494 2190 809 2244 prospiciat‘1'1>,”
844 2204 887 2229 ae
917 2191 1082 2242 proinde
1112 2192 1273 2236 statuit,
1302 2198 1347 2230 ut
1385 2194 1581 2244 »quisque

91 2261 161 2299 »in
195 2260 367 2299 Ecclesia
395 2272 466 2312 pro
496 2272 566 2299 sua
597 2261 700 2300 virili
730 2260 961 2311 adjumento
991 2261 1042 2299 sit
1072 2261 1144 2299 toti
1175 2259 1373 2300 Ecclesiae
1403 2261 1444 2299 in
1474 2262 1578 2301 alen-

125 2456 303 2497 “9’)Ῑ’ωηια
330 2464 368 2486 ac
390 2458 450 2486 ναί.
474 2455 546 2487 min
570 2454 668 2487 Lond
692 2465 721 2496 p.
748 2467 774 2485 0.
799 2453 846 2485 Cf.
870 2452 910 2486 ib
934 2463 963 2494 p.
990 2452 1065 2491 108,
1092 2453 1273 2491 111,115.

124 2511 165 2550 3⁰)
189 2510 235 2542 Ib
265 2521 294 2551 p.
322 2522 353 2551 y.
379 2509 429 2540 Cf:
449 2508 490 2541 ib.
515 2520 544 2551 p.
571 2509 642 2541 515.
667 2510 721 2551 Ep
746 2509 897 2540 adBull.
924 2507 1449 2549 (Ser.cmt.IV.1³.477-79..)

123 2566 164 2606 31)
189 2566 301 2596 Forma
323 2574 361 2595 ao
383 2565 444 2594 ml
468 2564 540 2595 min.
565 2564 660 2595 Lond.
684 2574 714 2605 p.
740 2577 771 2605 y.
905 2563 1017 2603 32”)11)
1041 2574 1072 2605 p.
1098 2563 1170 2595 620.

122 2621 163 2661 ³³)
188 2620 234 2651 lb.
259 2630 288 2661 p.
313 2618 386 2651 257.
519 2617 560 2659 3⁴¹)
585 2619 631 2651 Ci.
656 2629 748 2661 supra
771 2618 1196 2660 Pa1s11.Cap.111.§4.

123 2676 162 2714 35)
189 2675 300 2706 Forma
323 2685 361 2706 ac
383 2676 444 2706 rab.
469 2674 541 2705 min.
565 2675 662 2707 Lond.
686 2686 715 2717 p.
742 2675 771 2709 7.
948 2675 989 2715 36)
1014 2675 1061 2708 Ib.
1085 2687 1114 2717 p.
1140 2676 1169 2707 8.

45 2733 71 2767 ⁴.
122 2730 162 2769 ²³7)
187 2729 233 2761 Ib.
260 2740 291 2771 p.
317 2729 346 2763 7.
371 2728 417 2760 Cf.
441 2728 483 2759 ib.
507 2738 537 2770 p.
562 2729 613 2762 82.
637 2731 691 2771 Ep.
717 2729 817 2761 dedic.
841 2728 882 2760 ib.
907 2740 937 2771 p.
963 2729 1014 2761 22.
1041 2729 1225 2772 Confi-fidei
1247 2739 1277 2770 p.
1302 2729 1368 2761 232.
1395 2730 1568 2769 (amusos.

83 2797 113 2828 p.
138 2785 236 2824 273).
369 2782 410 2823 38)
435 2785 546 2815 Forma
569 2794 606 2815 ac
628 2787 690 2816 rat.
714 2784 786 2816 min.
809 2783 906 2816 Lond.
930 2795 959 2825 p.
984 2784 1013 2816 8.
1039 2783 1085 2815 Cf.
1109 2783 1150 2815 ib.
1174 2794 1206 2825 p.
1231 2784 1287 2822 51,
1312 2784 1384 2815 632.

120 2840 160 2880 3⁰)
185 2839 232 2871 lb.
257 2848 286 2879 p.
312 2837 385 2869 520.
561 2837 601 2878 4⁰)
626 2837 673 2870 Ib.
697 2849 728 2880 p.
754 2838 784 2869 8.
961 2838 1002 2878 4¹)
1027 2837 1074 2870 Ib.
1097 2849 1128 2880 p.
1153 2838 1227 2872 257.

123 2895 164 2935 4²)
189 2894 236 2928 11),
261 2904 290 2935 p.
318 2893 394 2932 108,
421 2893 494 2924 115.
673 2894 711 2933 ⁴3)
737 2892 782 2924 Ib.
808 2903 835 2934 p.
861 2892 934 2924 520.
1111 2893 1151 2933 4¹)
1179 2892 1224 2925 ΙΙ),
1250 2904 1278 2935 p.
1305 2893 1334 2925 λ.
