1879 3239
845 109 896 148 25

127 244 282 296 accipit,
311 242 379 281 ubi
411 243 558 280 »vitam
586 241 830 293 spiritualem
850 240 931 292 7),”
961 241 1090 279 »vitae
1115 241 1334 280 novitatem
1356 241 1425 294 ⁸).’'
1456 243 1618 282 »mundi

126 321 385 363 terrenaeque
404 311 507 349 vitae
528 310 832 362 abnegationem
850 308 914 361 ⁹)‚'’
942 310 1263 361 »superationem
1280 309 1515 349 Antichristi
1533 311 1618 364 ¹⁰)‚''

125 381 446 421 »restitutionem
463 380 494 423 ,”
524 381 718 430 denique,
758 379 835 417 »ad
867 379 1022 417 beatam
1053 379 1174 416 vitam
1205 379 1383 430 adeoque
1414 392 1547 418 veram
1578 387 1618 419 et

88 476 90 478 v
124 459 354 490 »aeternam
395 450 625 488 felicitatem
653 448 725 500 ¹¹)”
763 461 833 499 per
868 460 954 486 eam
992 448 1192 499 designari
1224 447 1404 486 affirmat.
1464 450 1516 487 De
1547 449 1618 487 hu-

122 522 228 560 iusce
259 527 392 558 autem
423 519 535 571 regni
565 519 614 557 ad
639 518 846 556 Ecclesiam
872 517 1067 555 relatione
1098 529 1293 568 quaenam
1318 516 1469 556 Calvini
1495 518 1616 557 suerit

121 590 335 633 sententia,
366 589 521 627 nonnisi
547 588 744 626 levissima
771 587 937 638 vestigia
963 586 1210 637 deprehendi
1236 594 1411 638 possunt.
1468 586 1615 626 Nonni-

119 659 176 698 hil
215 658 313 697 lucis
343 657 515 696 afferunt
545 657 630 695 eius
660 656 939 707 interpretatio
969 655 1200 693 verborum:
1241 658 1286 695 οὐ
1319 658 1480 694 δύναται
1517 659 1616 695 ἰδεῖν

118 731 184 777 τήν
213 729 420 777 βασιλείαν
457 732 525 765 τοῦ
552 730 674 769 θεοῦ,
704 737 804 776 quae
835 725 874 763 in
904 724 1011 763 hunc
1041 725 1203 763 modum
1235 726 1424 777 explicat:
1470 725 1615 765 »Nemo

120 811 240 836 »vere
281 797 487 850 aggregari
530 796 571 834 in
609 794 820 833 Ecclesiam
863 801 1014 846 potest,
1059 801 1103 832 ut
1147 801 1357 832 censeatur
1400 795 1505 833 inter
1544 794 1614 833 Dei

118 867 269 911 »filios‚
317 866 412 917 quin
452 866 560 917 prius
599 871 812 902 renovatus
851 864 902 902 sit
930 864 973 916 ¹²)
1066 863 1110 902 In
1150 876 1310 903 censum
1355 877 1511 915 quoque
1549 865 1614 903 hic

117 937 242 976 venit:
287 935 490 987 »Regnum
525 933 594 972 Dei
626 940 791 971 tuentur
820 933 1039 984 principes,
1070 933 1164 970 dum
1197 945 1310 971 suum
1350 934 1612 984 patrocinium

119 1005 301 1044 Ecclestis
336 1004 586 1043 commodant
618 1001 702 1054 13)”;
738 1014 876 1052 porro,
915 1002 1022 1052 quod
1053 1013 1074 1039 e
1106 1001 1217 1039 Pauli
1247 1002 1369 1040 dieto:
1409 1002 1522 1041 »Non
1553 1010 1613 1042 est

117 1087 313 1126 »regnum
340 1086 426 1112 esca
453 1079 492 1111 et
521 1072 685 1123 potus‚''
716 1070 991 1109 concludendo
1017 1071 1196 1109 deducit:
1227 1071 1351 1123 igitur
1394 1084 1502 1110 »non
1529 1085 1614 1111 esse

116 1144 329 1183 »serendos
367 1143 475 1185 illos,
515 1141 580 1191 qui
621 1140 670 1178 ob
710 1152 774 1177 eas
814 1139 1025 1177 Ecclesiam
1055 1139 1291 1191 perturbant
1315 1140 1404 1191 Ῑ’·),”
1441 1141 1612 1192 denique

115 1213 183 1250 Dei
213 1223 379 1262 regnum
421 1221 578 1260 quoque
609 1215 787 1260 spectare
818 1208 999 1252 videtur,
1041 1208 1107 1247 ubi
1147 1209 1262 1247 dicit:
1307 1217 1477 1261 »regnat
1507 1211 1612 1248 enim

113 1298 128 1315 »
143 1267 245 1319 Deus
286 1280 363 1317 iam
403 1291 508 1316 nunc
548 1277 586 1315 in
624 1276 808 1315 Ecclesiis
847 1277 945 1322 suis,
985 1290 1082 1328 quas
1113 1279 1195 1330 agit
1227 1277 1289 1330 Sp.
1321 1286 1404 1317 scto
1432 1279 1512 1332 15).”
1568 1279 1612 1318 In

75 1374 78 1376 -
111 1339 254 1401 quibus
285 1348 400 1392 locis,
432 1347 504 1385 etsi
536 1347 754 1398 permutari
786 1346 892 1385 inter
917 1359 958 1385 sc
985 1347 1153 1386 subinde
1181 1349 1352 1387 Ecclesia
1378 1355 1417 1386 et
1444 1361 1612 1400 regnum

111 1419 320 1458 Coelorum
363 1415 598 1465 videantur,
644 1422 800 1460 tamen,
844 1417 997 1454 ratmne
1042 1417 1177 1456 habita
1222 1430 1381 1461 eorum,
1426 1431 1526 1469 quae
1571 1419 1611 1456 in

109 1488 224 1526 initio
255 1486 374 1524 huius
412 1485 437 1537 ᾗ
468 1485 516 1523 de
554 1483 751 1522 abstracta
790 1483 910 1522 huius
949 1484 1142 1522 formulae
1182 1485 1472 1537 significatione
1513 1487 1612 1526 dixi-

108 1569 216 1600 mus,
247 1556 341 1594 satis
371 1561 457 1592 tute
489 1560 664 1592 statuere
695 1565 807 1604 posse
838 1553 952 1591 nobis
984 1554 1186 1599 videmur,
1226 1567 1246 1592 e
1286 1562 1420 1593 mente
1461 1555 1611 1595 Calvini

110 1625 319 1663 Ecclesiam
361 1623 632 1661 obnubilatam
673 1621 742 1660 Dei
783 1622 896 1673 regni
938 1622 1157 1661 inmundo
1188 1624 1476 1675 apparitionem
1507 1638 1611 1670 esse,

111 1706 154 1731 ac
197 1693 320 1731 veluti
364 1691 706 1744 praeparationem
750 1690 988 1729 habendam.
1053 1690 1258 1736 Quodnam
1305 1701 1438 1732 autem
1488 1708 1611 1747 regno

112 1761 339 1806 Coclorum,
369 1767 552 1800 concrete
579 1767 755 1811 sumpte,
786 1773 873 1797 cum
903 1761 1074 1799 Ecclesia
1099 1761 1305 1806 invisibili,
1335 1764 1463 1814 qualis
1493 1775 1609 1816 supra

109 1832 285 1882 exposita
322 1838 401 1874 est,
431 1829 699 1868 intercederet
730 1829 964 1873 discrimen,
995 1841 1155 1880 prorsus
1185 1843 1264 1869 non
1295 1832 1487 1871 videmus.

990 863 1009 876 ν

978 894 985 901 0

585 1966 611 2018 ᾗ
642 1967 676 2005 6.
735 1965 930 2005 Ecclesiae
958 1967 1114 2006 indoles.

158 2105 197 2144 Si
237 2105 337 2144 bene
375 2104 619 2147 attenditur,
665 2116 781 2154 quam
822 2111 929 2143 arcte
969 2105 1076 2143 inter
1115 2118 1154 2143 se
1196 2106 1437 2146 cohaereant
1476 2111 1606 2149 anima

102 2176 305 2214 cuiusdam
331 2180 449 2225 atque
475 2173 645 2217 indoles,
668 2174 804 2225 procul
826 2173 947 2212 dubio
974 2187 1045 2212 acu
1062 2187 1144 2213 rem
1168 2176 1302 2227 tetigit
1325 2176 1604 2225 Schenkelius‚

101 2245 169 2284 ubi
210 2245 403 2284 Ecclesiae
445 2243 595 2281 Calvini
636 2242 906 2281 characterem
945 2244 998 2281 ita
1038 2243 1242 2289 definivit,
1282 2254 1326 2284 ut
1361 2246 1461 2286 nihil
1497 2249 1605 2289 aliud

101 2315 221 2353 fuisse
261 2327 347 2352 eam
379 2319 559 2357 censeat,
590 2325 708 2363 quam
753 2313 871 2351 »eine
909 2312 1129 2352 orthodoxe
1161 2313 1603 2367 Lehrgemeinschast”;

154 2506 179 2546 7)
207 2507 317 2539 Comm.
340 2508 374 2538 in
397 2507 484 2540 Ioc'in.
509 2508 572 2540 III.
599 2509 627 2540 3.
653 2510 684 2540 et
706 2508 824 2540 Mam.
848 2509 915 2541 XX.
943 2509 959 2539 1
988 2509 1111 2549 (Harma.
1137 2510 1216 2542 Sect.
1242 2511 1325 2542 XVI.
1353 2513 1366 2550 §
1394 2513 1477 2553 162.)

153 2561 178 2600 8)
208 2562 315 2593 Comm.
338 2563 371 2592 in
393 2563 508 2595 Mam.
533 2563 596 2596 III.
623 2564 652 2595 2.
686 2565 809 2604 (Harm.
834 2564 913 2595 Sect.
938 2563 994 2596 IV.
1021 2566 1034 2603 §
1061 2565 1112 2603 27)
1139 2567 1170 2596 et
1194 2575 1218 2596 c.
1245 2566 1338 2597 XIII.
1367 2568 1409 2598 44
1431 2568 1497 2614 ⁵(ib.
1521 2570 1599 2603 Sect.

102 2616 173 2648 XII.
200 2617 213 2655 §
241 2616 326 2655 111.)

154 2670 177 2710 9)
205 2672 284 2702 Ilzsf.
310 2670 371 2701 III.
397 2671 447 2703 20.
472 2671 524 2703 42.
660 2674 699 2715 l⁰)
724 2674 1035 2716 Psychopannycliia.
1059 2674 1145 2705 Tom.
1171 2674 1264 2707 VIII.
1290 2674 1381 2708 348¹).

138 2725 177 2765 ll)
208 2726 317 2756 Cormm
340 2725 373 2755 in
396 2726 512 2757 Matth.
538 2727 600 2760 III.
626 2729 654 2761 2.
681 2729 804 2769 (Hm-m.
831 2728 908 2760 sect.
939 2727 995 2759 IV.
1022 2729 1035 2767 §
1061 2727 1126 2768 27.)

137 2779 177 2818 ¹²)
207 2780 316 2811 Camm.
341 2780 386 2811 acl
406 2781 495 2812 Ioc'in.
520 2781 581 2814 III.
607 2783 635 2815 3.
771 2783 811 2823 13)
841 2784 952 2815 Comm.
978 2784 1023 2815 ad
1045 2785 1132 2815 Iodn.
1160 2784 1280 2816 XVIII.
1307 2785 1357 2817 36.

91 2823 94 2826 ⁴
136 2835 176 2875 l⁴)
205 2836 317 2867 Comm.
341 2836 386 2867 ad
409 2837 497 2869 Rom.
523 2837 605 2870 XIV.
630 2838 682 2872 17.

136 2890 174 2931 15)
200 2891 500 2933 Psyclmpannyclcz'a
516 2893 601 2926 Tom.
615 2893 706 2927 VIII.
723 2906 753 2937 p.
771 2895 862 2927 3481».
888 2895 926 2928 cf.
946 2896 1055 2928 Comm.
1072 2894 1117 2927 ad
1131 2895 1218 2928 Iolen.
1236 2895 1301 2928 III.
1318 2897 1354 2936 3,
1372 2896 1416 2928 ad
1429 2907 1454 2929 e.
1473 2896 1592 2930 XVIII.

99 2945 138 2976 36
164 2947 196 2977 et
220 2946 240 2977 2
266 2946 341 2978 Tim.
366 2945 421 2977 IV.
448 2947 476 2978 1.
1220 2968 1221 2971 =
