1849 3239
836 75 909 115 171

131 210 216 250 »dii
233 209 309 264 ¹),'’
341 223 441 262 quae
472 222 622 250 »unum
652 209 768 248 simul
799 210 1049 249 constituunt
1078 208 1353 261 Episcopatum
1382 209 1423 247 in
1452 207 1522 247 Del
1550 207 1621 246 Ec-

130 279 272 318 »alesia
296 279 482 318 concordi
507 279 667 318 interim
695 278 943 316 functionum
961 277 1192 329 disparitate
1210 283 1393 315 ornatum
1410 275 1475 326 2).”
1520 275 1621 314 »Ma-

130 348 350 400 »gistratus
378 349 502 400 igitur
529 347 702 386 ministri
733 347 853 398 gladii
883 347 924 384 in
954 345 1127 385 Ecclesia
1159 345 1305 384 Christi
1335 352 1427 383 sunt
1458 345 1621 396 perinde

128 424 278 468 »atque
318 418 502 456 doctores
542 423 660 467 atque
700 423 877 467 pastores
917 423 1010 454 sunt
1048 415 1158 454 verbi
1199 415 1323 453 divini
1361 414 1532 452 ministri
1559 413 1622 466 3).”

130 485 228 532 Quia
258 492 391 524 tamen
421 485 461 523 in
491 483 627 523 libello
657 495 728 521 suo
771 482 943 521 »Forma
968 495 1011 521 ac
1037 483 1138 521 ratio
1162 482 1373 520 ministerii
1399 480 1623 520 Londinen·

128 573 144 591 »
158 556 210 594 sis
235 553 457 593 Ecclesiae’'
485 552 774 592 accuratissime
791 553 812 590 a
829 550 952 590 Lasco
969 559 1049 590 tam
1066 550 1176 590 verbi
1191 551 1481 595 ministrorum,
1507 562 1624 601 quam

126 625 327 664 seniorum
365 629 406 662 et
445 622 702 661 diaconorum
731 621 988 665 divisionem,
1026 620 1262 659 electionem
1293 620 1422 658 omnia
1452 619 1623 670 denique

127 692 253 732 officia
290 696 331 731 et
362 692 585 730 universam
617 691 740 729 totius
770 690 947 728 muneris
977 689 1171 728 rationem
1203 689 1342 727 ordine
1372 689 1554 740 exposuit
1584 694 1625 726 et

125 761 328 806 definivit,
364 761 620 813 magistratus
659 772 753 798 vero
783 759 832 798 ad
862 758 1075 798 Ecclesiam
1105 759 1339 797 relationem
1370 758 1517 797 diserte
1548 765 1625 796 tra·

126 830 229 870 didit
267 842 483 882 nusquam,
521 837 562 868 et
600 829 759 868 nonnisi
799 829 929 867 obiter
968 828 1009 866 in
1049 828 1220 866 transitu
1259 827 1323 866 hie
1362 828 1440 866 illic
1470 827 1624 879 attigit,

126 900 241 939 nobis
271 911 429 950 quoque
460 904 571 937 extra
602 896 918 936 Ecclesiasticam
949 897 1178 935 societatem
1209 896 1330 948 gladii
1360 897 1626 935 ministerium

127 968 391 1008 reiiciendum
430 979 513 1006 csse
559 967 781 1006 videbatur.
849 965 1034 1004 Ceterum
1087 966 1371 1018 »magistratus
1410 978 1565 1017 quoquc
1605 979 1627 1004 a

131 1037 239 1076 »Deo
279 1043 372 1075 sunt
403 1036 573 1075 ordinati
591 1036 662 1088 4),''
692 1036 871 1086 adeoque
915 1034 1015 1072 »Dei
1045 1042 1238 1073 vocantur
1267 1035 1437 1073 ministri
1459 1034 1531 1086 ⁵),”
1561 1035 1627 1085 qui

129 1105 228 1145 »Dei
269 1105 456 1145 iudicium
487 1111 673 1143 exercent
691 1104 720 1156 θ)
733 1103 770 1145 .''
803 1102 1001 1154 »Eiusque
1032 1103 1072 1140 in
1103 1103 1220 1141 terris
1258 1103 1470 1155 imaginem
1511 1116 1628 1154 quam

129 1175 337 1228 »proxime
372 1173 552 1212 referunt
567 1173 636 1225 ⁷).''
695 1171 931 1210 Gravissima
971 1179 1126 1216 autem,
1165 1185 1266 1223 quae
1297 1173 1344 1211 iis
1373 1172 1628 1218 incumbunt,

131 1229 256 1282 officia
293 1242 391 1280 haec
420 1248 533 1280 sunt:
563 1241 657 1280 »dat
683 1254 729 1292 sy
759 1241 836 1280 den
866 1241 998 1280 dienst
1029 1241 1098 1279 des
1129 1248 1278 1280 woorts
1307 1242 1409 1281 ende
1439 1241 1534 1280 hare
1566 1254 1629 1293 op-

71 1335 74 1337 *
130 1301 296 1351 »rechte
326 1311 509 1349 dienaers
539 1310 579 1348 in
611 1310 660 1348 de
686 1308 934 1361 Ghemeynte
961 1310 1233 1349 veruorderen
1260 1311 1361 1349 ende
1379 1312 1542 1350 voeden.
1573 1311 1631 1349 En

131 1381 205 1420 »de
236 1381 395 1419 woluen
427 1380 528 1418 ende
560 1378 717 1418 valsehc
752 1379 925 1417 lecraars
957 1379 1039 1418 niet
1069 1380 1189 1429 lijden
1206 1379 1246 1432 3).
1305 1379 1377 1418 Dat
1408 1393 1455 1432 sy
1484 1381 1533 1419 de
1564 1393 1631 1419 on-

131 1449 555 1502 »ghehoorsaumheyt
594 1449 696 1491 ende
736 1448 962 1500 opentlicke
1001 1449 1218 1500 boosheyt‚
1256 1462 1306 1488 na
1341 1450 1418 1488 den
1454 1449 1631 1501 bruycke

132 1519 228 1558 »des
258 1526 443 1563 sweerts,
473 1519 537 1558 die
573 1518 669 1556 haar
698 1517 936 1569 ghegheuen
968 1518 1016 1562 is,
1047 1518 1210 1557 straffen
1226 1519 1265 1570 ⁹).
1322 1518 1395 1557 Dat
1426 1532 1471 1571 sy
1502 1519 1631 1557 besor-

134 1588 266 1640 »ghen
305 1588 372 1627 dat
411 1588 486 1626 alle
526 1587 812 1639 instellinghen
851 1587 920 1626 des
950 1587 1106 1626 Heeren
1137 1588 1339 1640 reynlick,
1369 1587 1633 1640 getrouwlick

134 1658 262 1696 »ende
289 1656 528 1696 wecrdelick
554 1656 842 1695 onderhouden
869 1657 1051 1702 werden,
1080 1658 1182 1696 ende
1208 1657 1372 1696 straffen
1397 1658 1471 1696 alle
1488 1656 1633 1708 deghe-

136 1739 232 1771 >›ne,
261 1727 325 1765 die
355 1726 513 1765 deselve
540 1725 778 1770 verachtem
809 1726 1057 1770 vervalscen‚
1089 1727 1132 1765 os
1158 1726 1396 1765 onderstaan
1422 1733 1460 1764 te
1485 1727 1570 1764 niet
1596 1732 1634 1764 te

136 1796 344 1848 »hrengen
363 1795 421 1848 ¹⁰).
466 1794 539 1834 Dat
570 1808 617 1846 sy
646 1807 720 1833 een
746 1794 1010 1847 yeghelicken
1040 1795 1110 1834 het
1140 1807 1238 1848 syne
1269 1794 1426 1848 gheuen
1453 1796 1556 1835 ende
1586 1795 1636 1834 de

191 1928 215 1968 ¹)
241 1929 302 1969 Ep.
327 1926 372 1958 ad
392 1926 462 1957 Sea.
486 1925 556 1957 Pol.
582 1926 664 1965 (Ser.
688 1927 754 1957 ant.
778 1925 842 1956 III.
868 1925 914 1956 1²1.
940 1926 1016 1966 97).

189 1983 214 2023 2)
238 1983 297 2024 Ep.
321 1981 367 2013 ad
387 1980 473 2013 Edw.
498 1979 553 2011 VI.
577 1990 693 2022 praem.
722 1980 823 2012 Tract.
848 1980 886 2012 de
911 1981 1050 2012 Sacram.
1074 1991 1104 2022 p.
1129 1981 1181 2012 14.

189 2037 215 2077 ³)
239 2038 352 2068 Forma
374 2045 413 2067 ac
435 2036 496 2066 rat.
521 2035 593 2067 min.
618 2034 717 2067 Lond.
742 2045 772 2076 p.
792 2034 865 2066 183.
891 2034 937 2066 Cf.
959 2035 1001 2066 ib.
1026 2045 1056 2076 p.
1084 2048 1122 2074 a,
1148 2035 1204 2073 25,
1231 2035 1282 2070 74.
1310 2035 1413 2068 Tract.
1433 2036 1472 2068 de
1495 2037 1635 2069 Sacram.

137 2103 168 2134 p.
193 2091 260 2122 622.
290 2091 345 2132 Ep.
376 2090 421 2122 ad
448 2090 608 2122 Hardeub.
644 2091 721 2130 (Ser.
754 2092 819 2122 ant.
850 2089 895 2122 Π.
921 2091 964 2122 1³.
991 2091 1089 2130 153).
1117 2090 1204 2132 Cous.
1218 2090 1303 2132 fidei
1324 2100 1354 2131 p.
1381 2090 1431 2121 22.
1460 2092 1634 2130 (HERINGA.

138 2157 170 2189 1).
195 2145 292 2185 272).

192 2201 217 2241 4)
243 2202 312 2244 Cat.
346 2199 444 2231 Lond.
478 2199 541 2230 mai
573 2210 603 2240 p.
640 2198 692 2231 33.
725 2198 771 2230 Cf.
802 2199 903 2230 Form.
938 2208 975 2230 ac
1008 2201 1070 2230 rat.
1105 2198 1177 2229 min.
1210 2198 1307 2229 Lond.
1342 2209 1371 2239 p.
1409 2199 1481 2230 508.
1512 2201 1567 2242 Ep.
1596 2201 1640 2233 ad

141 2256 264 2288 Annam
296 2254 402 2286 Oomz't.
433 2254 510 2293 (Ser.
536 2255 601 2286 ant.
626 2254 671 2285 ΙΙ.
697 2254 742 2285 1³.
766 2253 866 2289 493).
891 2254 947 2295 Ep.
972 2253 1017 2285 ad
1038 2254 1106 2285 Sen.
1132 2254 1201 2285 Pol.
1227 2253 1282 2293 (ib.
1307 2253 1370 2285 ΙΙΙ.
1395 2255 1439 2286 1³.
1465 2253 1541 2295 79).

193 2310 219 2347 5)
244 2309 357 2341 Forma
380 2319 417 2340 ac
440 2311 502 2340 rat.
526 2309 599 2341 min.
624 2309 721 2341 Lond.
746 2319 777 2349 p.
802 2309 877 2340 183.
901 2308 948 2340 Cf.
977 2309 1043 2340 Cat.
1068 2309 1166 2340 Lond.
1191 2309 1254 2340 mai
1276 2318 1308 2349 p.
1333 2309 1384 2341 33.

194 2367 220 2405 ὓ)
246 2366 303 2406 Ep.
329 2364 373 2395 ad
393 2364 526 2395 Annam.
555 2364 662 2396 Comil.
686 2363 708 2395 l.
733 2363 754 2396 l.
780 2363 813 2394 in
836 2365 909 2394 nota
932 2367 962 2396 4.

194 2419 220 2459 7)
247 2420 308 2461 Ep.
341 2419 386 2450 ad
415 2419 484 2450 Sen.
515 2419 584 2450 Pol.
616 2420 698 2458 (Ser.
729 2421 794 2450 ant.
825 2418 888 2450 111.
917 2419 962 2450 1²¹.
993 2418 1069 2459 79).
1095 2419 1142 2451 Cf.
1168 2418 1209 2450 ib.
1243 2418 1297 2458 (ib.
1327 2419 1423 2459 132.)
1454 2419 1542 2461 Conf.
1557 2421 1640 2462 fidet]

143 2484 173 2515 p.
200 2475 251 2506 21.
277 2476 453 2514 (HERINGA.
480 2472 579 2512 270).

195 2527 222 2569 8)
250 2529 338 2571 Conf.
357 2528 441 2571 fidei
471 2539 501 2570 p.
530 2528 581 2561 21.
613 2529 788 2568 (HERINGA.
819 2528 916 2569 270).
949 2528 995 2560 Cf.
1026 2529 1081 2570 Ep.
1110 2528 1155 2560 ad
1182 2528 1304 2560 Annam
1335 2527 1441 2559 Comit.
1468 2529 1546 2568 (Ser.
1573 2531 1638 2560 ant.

145 2584 189 2616 II.
220 2585 266 2616 1³.
295 2583 377 2620 493,
408 2584 466 2622 4.).
501 2584 560 2625 Ep.
594 2584 693 2615 dedic.
716 2593 833 2624 praem.
862 2584 973 2615 Forma
997 2594 1034 2615 ac
1057 2585 1117 2615 rat.
1140 2583 1212 2614 min.
1241 2582 1339 2613 Lond.
1367 2592 1397 2623 p.
1423 2572 1479 2620 83,
1506 2583 1556 2613 84.
1581 2583 1638 2624 Ep.

146 2639 192 2670 ad
213 2639 283 2670 Sen.
307 2640 377 2671 Pol.
404 2639 479 2678 (Scr.
504 2642 570 2671 ant.
595 2639 657 2670 III.
684 2639 729 2670 1⁰.
754 2639 812 2677 74,
837 2638 894 2678 78,
921 2639 976 2677 88,
1004 2639 1063 2677 90,
1089 2639 1186 2678 118)

200 2693 224 2732 ⁹)
253 2694 340 2735 Conf.
357 2693 441 2735 fidei
466 2705 496 2736 p.
523 2694 574 2725 21.
602 2695 774 2733 (HERINGA.
803 2693 903 2733 270).
933 2693 981 2724 Cf.
1013 2690 1115 2724 Tract.
1139 2692 1177 2723 de
1200 2692 1336 2724 Sacram.
1368 2702 1398 2733 p.
1428 2691 1494 2722 62³.
1526 2694 1640 2724 Forma

63 2753 89 2787 ἰ
148 2758 186 2779 ac
212 2750 274 2779 rat.
301 2747 374 2779 min.
400 2748 496 2780 Lond.
521 2759 551 2790 p.
578 2748 659 2786 183,
685 2749 757 2780 508.
786 2749 852 2780 Cat.
877 2748 977 2780 Lond.
1002 2748 1065 2779 mai
1086 2758 1117 2789 p.
1143 2747 1194 2778 33.

185 2803 225 2843 ¹⁰)
254 2803 344 2845 Conf.
361 2803 444 2845 fidei
468 2814 496 2845 p.
523 2804 574 2835 21.
603 2805 778 2844 (HERINGA.
804 2803 901 2843 270).
934 2803 980 2834 Cf.
1008 2803 1065 2844 Ep.
1087 2802 1132 2833 ad
1153 2801 1314 2832 Hardenb.
1343 2801 1417 2840 (Ser.
1442 2804 1508 2835 ant.
1532 2801 1638 2833 II.1=¹.

150 2859 247 2898 513).
272 2859 330 2900 Ep.
355 2857 399 2889 ad
426 2859 547 2900 Siqism.
577 2858 630 2898 (ib.
659 2860 745 2898 115.)
773 2858 818 2890 ad
842 2859 1006 2890 Lentlcium
1036 2857 1088 2899 (ib.
1118 2857 1173 2889 IV.
1199 2857 1243 2889 2³.
1276 2855 1373 2897 647).
1404 2857 1459 2900 Ep.
1488 2857 1532 2889 ad
1556 2858 1641 2891 Eam.

147 2913 202 2947 VI.
228 2914 261 2945 in
292 2913 395 2945 Tract.
420 2913 458 2945 cle
481 2915 620 2947 Sacram.
646 2925 674 2956 p.
700 2912 840 2946 14—17.
