1849 3239
861 79 939 119 484

147 213 425 254 iurisdictione
456 226 541 253 sese
573 213 717 266 prodit.
772 213 919 252 Contra
949 213 1167 252 secundum
1199 211 1310 251 Lasci
1340 213 1577 252 sententiam
1607 214 1652 252 li-

147 283 267 336 gandi
308 283 568 334 solvendique
603 288 779 334 potestas
809 296 830 321 a
861 282 1018 321 Christo
1048 283 1121 334 ipsi
1153 282 1348 320 Ecclesiae
1378 284 1533 334 corpori
1562 296 1652 322 con-

148 363 255 389 cessa
280 357 357 394 est,
387 359 428 389 et
453 351 697 396 senioribus,
725 351 884 389 nonnisi
913 358 1100 402 tanquam
1127 351 1322 388 Ecclesiae
1349 353 1523 402 organis,
1549 365 1651 391 com-

147 422 266 472 petit,
307 421 452 471 quibus
487 433 563 458 una
595 433 684 458 cum
714 420 892 458 diaconis
923 420 971 458 ab
999 420 1094 471 ipsis
1124 420 1320 458 Ecclesiae
1350 420 1465 458 sociis
1492 420 1652 460 honori·

144 488 218 527 fica
258 489 440 527 defertur
479 489 695 527 auctoritas
735 489 776 526 in
815 488 1013 533 discidiis,
1044 500 1144 539 quac
1180 488 1228 527 de
1260 489 1441 527 doctrina
1471 489 1671 529 oborian-'

147 564 234 602 tur,
287 558 410 596 amice
456 570 476 595 e
521 557 644 596 verbo
690 556 760 595 Dei
805 557 1106 608 componendis,
1150 557 1189 594 in
1235 558 1412 595 externis
1458 559 1650 604 Ecclesiae

144 627 362 665 commodis
402 626 541 664 ordine
577 639 621 664 ac
651 627 842 664 decenter
871 626 1147 669 moderandis,
1178 633 1218 664 ct
1248 626 1288 664 in
1320 626 1551 678 disciplinae
1581 627 1650 666 Ec-

142 696 384 734 clesiasticac
410 708 485 733 usu
511 696 678 733 comiter
703 695 952 746 pcragendo;
979 695 1033 733 ita
1061 702 1211 738 tamen,
1237 703 1282 733 ut
1303 694 1404 733 nihil
1420 696 1460 733 in
1478 696 1649 734 Ecclesia

142 771 273 802 ratum
304 763 523 808 habeatur,
553 764 628 802 nisi
659 764 783 815 ipsius
814 764 1010 802 Ecclesiae
1040 777 1223 816 suprema
1254 765 1483 803 auctoritati
1513 778 1649 816 appro-

142 833 279 871 batum
316 833 388 876 sit,
428 841 467 871 et
499 832 697 871 Ecclesiae
729 833 932 884 praesules
961 833 1069 870 nulla
1100 834 1158 876 vi,
1189 834 1286 878 nisi,
1317 846 1417 884 quae
1448 834 1489 872 in
1519 846 1648 872 exem-

139 902 204 953 plo
243 902 370 952 posita
409 909 490 947 est,
530 902 769 953 dignitatem
809 914 920 939 suam
960 908 1162 940 tucantur.
1219 901 1263 939 In
1295 902 1446 940 Calvini
1477 903 1648 941 Ecclesia

137 976 316 1022 pastores
346 983 483 1009 omnes
514 971 654 1009 eodem
686 983 848 1022 prorsus
877 971 963 1008 loco
989 970 1210 1015 habentur,
1240 971 1315 1009 etsi
1341 972 1423 1023 ipse
1450 972 1489 1009 in
1516 970 1648 1010 Eccle-
1686 996 1690 998 v

134 1039 190 1077 sia
231 1037 453 1078 Gcncvensi
489 1047 683 1091 perpetuo
714 1040 939 1078 consistorii
970 1040 1161 1091 praesidis
1190 1053 1355 1078 munere
1385 1041 1545 1079 functus
1576 1047 1646 1079 est.

134 1109 154 1145 a
200 1106 323 1146 Lasco
367 1109 817 1160 superintendenturam
861 1109 902 1146 in
947 1107 1123 1147 Ecclesia
1159 1113 1235 1147 'sua
1275 1110 1471 1153 instituit,
1510 1116 1555 1147 ut
1587 1122 1646 1148 or-

135 1177 228 1216 dine
270 1178 400 1216 onmia
432 1178 471 1216 in
514 1178 684 1216 Ecclesia
724 1185 1025 1229 peragerentur.
1084 1178 1123 1216 Si
1164 1179 1336 1230 denique
1372 1180 1420 1218 de
1451 1178 1657 1238 relatione⁸

133 1248 360 1298 quaeritur,
391 1259 491 1297 quae
523 1247 718 1284 Ecclesiae
749 1247 936 1298 regimini
973 1260 1061 1285 cum
1092 1248 1186 1298 ipsis
1215 1248 1301 1286 cius
1332 1248 1446 1286 sociis
1476 1247 1645 1286 interce-

133 1317 228 1355 dere
261 1307 403 1359 debct‚
435 1315 621 1353 Calvinus
653 1316 821 1353 eandem
853 1315 901 1353 ab
933 1314 1114 1369 Ecclesia¹
1140 1329 1233 1367 erga
1260 1323 1440 1367 pastores
1466 1317 1644 1368 deposcit

129 1386 418 1429 reverentiam,
450 1398 526 1436 qua
557 1385 723 1437 genuini
754 1385 936 1436 discipuli
967 1385 1204 1437 magistrum
1230 1398 1344 1423 suum
1371 1386 1558 1437 prosequi
1585 1399 1642 1425 so-

125 1455 221 1493 lent.
266 1455 286 1492 a
326 1453 450 1493 Lasco
490 1461 622 1492 autem
663 1454 763 1492 nihil
805 1455 1013 1492 ardentius
1048 1461 1232 1506 exoptat,
1269 1468 1385 1506 quam
1418 1462 1462 1493 ut
1492 1467 1644 1494 summa

126 1524 233 1562 inter
263 1524 475 1562 Ecclesiam
508 1524 672 1575 eiusque
704 1523 906 1562 ministros
937 1524 1162 1562 intercedat
1188 1525 1457 1569 familiaritas,
1488 1525 1642 1563 eadem-

125 1606 202 1644 que
243 1593 359 1644 plane
401 1594 598 1632 Ecclesiae
639 1593 733 1631 socii
777 1592 951 1631 officiant
990 1593 1196 1631 ministros
1236 1607 1328 1632 suos
1369 1594 1643 1639 observantia,

124 1675 200 1713 qua
240 1662 357 1700 liberi
398 1670 584 1714 parentes
625 1674 715 1700 suos
756 1675 826 1714 pro
866 1662 1002 1700 debito
1043 1675 1114 1700 suo
1151 1669 1269 1714 atque
1301 1662 1428 1701 officio
1459 1664 1589 1702 colere
1620 1677 1641 1702 a

126 1729 208 1769 Deo
240 1731 442 1769 iubentur.
501 1731 559 1769 Ex
590 1732 802 1782 utriusque
840 1738 974 1769 autem
1006 1732 1185 1770 unanimi
1217 1744 1412 1770 consensu
1444 1733 1571 1771 omnis
1600 1734 1641 1771 in

124 1801 299 1840 Ecclesia
340 1802 557 1839 auctoritas
598 1802 680 1839 sive
712 1806 889 1852 potestas
919 1814 953 1839 a·
973 1800 1052 1839 Deo
1083 1801 1136 1839 ita
1168 1802 1351 1840 ordinata
1382 1809 1462 1847 est,
1492 1809 1536 1841 ut
1568 1802 1640 1841 fili-

125 1884 191 1908 um
232 1883 345 1908 suum
390 1871 586 1908 Ecclesiae
618 1871 657 1908 in
690 1877 808 1921 caput
838 1870 1090 1921 praefecerit,
1119 1858 1191 1922 ‘qui
1224 1864 1357 1910 divina
1389 1885 1458 1910 sua
1489 1873 1639 1912 virtute

124 1941 319 1978 sustineat
360 1952 447 1978 cam
489 1947 607 1990 atquc
640 1946 889 1990 promoveat,
934 1946 1048 1991 regat
1088 1940 1276 1980 eandem.
1318 1948 1480 1979 tueatur
1519 1948 1638 1992 atquc

123 2010 336 2048 custodiat.
396 2007 466 2046 Vel
506 2009 559 2047 sic
597 2015 729 2047 tamen
760 2009 800 2046 in
831 2021 973 2059 magna
1003 2008 1213 2059 utriusque
1245 2010 1467 2048 sentcntiae
1498 2023 1638 2049 convc-

125 2079 277 2117 nientia
309 2090 388 2116 non
420 2084 500 2115 tam
531 2078 618 2115 lcvc
650 2077 863 2115 discrimen
894 2077 1103 2116 delitescit.
1165 2077 1293 2122 Quum
1321 2079 1427 2116 cnim
1454 2079 1638 2118 Calvinus

127 2149 176 2187 ad
207 2148 329 2200 ipsius
360 2146 429 2185 Dei
461 2147 618 2198 saepius
648 2147 688 2184 in
711 2147 938 2185 universam
963 2147 1173 2185 Ecclesiam
1201 2147 1321 2198 inque
1348 2148 1525 2199 singulos
1551 2149 1637 2187 eius

126 2219 252 2256 socios
293 2216 545 2255 efficientiam
587 2217 779 2258 recurrit,
819 2219 839 2255 a
879 2215 1003 2255 Lasco
1037 2217 1077 2254 in
1114 2216 1312 2256 Ecclesiae
1343 2217 1636 2269 gubernatione

126 2285 388 2325 describenda
429 2285 578 2336 ubique
619 2286 796 2324 locorum
833 2299 903 2337 per
933 2285 1134 2324 Christum
1165 2287 1426 2325 mediatorem
1458 2288 1507 2326 ad
1536 2288 1634 2326 divi-

124 2369 215 2394 nam
258 2356 385 2393 omnis
424 2355 633 2407 potcstatis
671 2356 823 2394 sontem
864 2355 1062 2394 adducere
1104 2368 1174 2394 nos
1211 2357 1331 2400 solet,
1362 2364 1402 2395 ct
1433 2356 1634 2395 Christum

124 2424 234 2462 iuxta
273 2423 429 2462 Patrem
470 2436 585 2461 suum
621 2436 669 2462 cx
700 2423 839 2461 codem
870 2424 1090 2462 maiestatis
1120 2424 1219 2461 solio
1250 2436 1388 2476 regere
1422 2426 1632 2466 Ecclesiam

123 2494 354 2540 confitetur,
398 2507 519 2545 quum
560 2506 581 2531 c
616 2493 816 2531 contrario
847 2493 948 2544 apud
981 2492 1186 2531 Calvinum
1218 2493 1426 2545 utriusque
1458 2503 1633 2547 potestas

125 2564 295 2607 coaluit,
324 2569 365 2601 ct
392 2575 461 2613 per
491 2562 692 2601 Christum
724 2564 806 2614 ipsc
837 2561 941 2601 Deus
973 2562 1171 2601 Ecclesiae
1203 2564 1429 2615 prospicere
1459 2565 1617 2605 dicitur.

183 2672 210 2724 §
241 2673 274 2710 5.
333 2670 387 2709 De
417 2670 612 2709 Ecclesiae
641 2671 691 2709 acl
720 2670 981 2709 dissentientes
1010 2675 1044 2709 et
1072 2671 1339 2722 magyistratnm
1368 2673 1561 2712 relatione.

178 2769 413 2821 Quicunque
454 2770 494 2808 in
532 2770 666 2808 divina
702 2771 883 2809 doctrina
924 2771 1204 2810 constituenda
1245 2785 1265 2810 a
1305 2785 1344 2810 sc
1376 2773 1628 2817 dissentiret,

119 2840 341 2878 necessarie
373 2838 558 2878 Calvinus
588 2840 629 2878 in
662 2840 753 2878 odio
783 2840 977 2884 habebat,
1017 2839 1389 2891 quoniam'certam
1421 2849 1539 2893 atquc
1571 2843 1626 2880 in-

121 2909 343 2948 dubitatam
380 2908 499 2947 huius
538 2909 744 2948 doctrinae
784 2906 1054 2961 cognitionem
1086 2909 1218 2949 ι11]οο
1258 2910 1372 2949 uobis
1402 2924 1626 2950 concessam
