1849 3239
799 84 875 123 113

276 222 303 275 55
332 222 366 261 3.
423 221 630 273 Ιηιαῃίφιθε,
659 219 791 271 quibus
823 218 1014 258 [scelestae
1041 216 1141 255 notio
1166 214 1393 253 illustratur.

144 360 299 405 Matris,
343 360 383 398 in
410 359 597 398 -Ecclesia
634 357 914 401 describenda,
949 356 1182 408 imaginem,
1211 366 1312 406 quae
1342 365 1363 391 a
1393 351 1578 403 Cypriani

90 431 182 470 inde
223 437 398 482 tempore
438 429 618 468 stabilem
647 427 787 465 habuit
817 427 949 465 sedem
979 426 1019 463 in
1050 423 1331 475 Ecclesiologia
1360 420 1579 459 Romanen-

91 501 213 544 sium,
270 507 310 538 et
367 498 527 538 Calvino
585 509 741 549 quoque
791 502 998 546 tantopere
1046 493 1242 545 placebat,
1291 503 1485 543 nusquam
1539 489 1579 527 iu

90 567 200 607 Lasci
243 568 397 620 scriptis
439 566 695 619 deprehendi.
761 563 897 616 Neque
941 564 982 602 in
1026 563 1212 601 universo
1256 562 1341 600 eius
1383 557 1583 599 scribendi

89 649 215 689 genus
244 637 481 689 imaginibus
510 636 706 680 abundat,
737 635 805 674 sed
836 633 1004 686 propriis
1039 633 1270 684 plerumque
1300 629 1431 670 verbis
1460 639 1583 668 enun-

92 706 164 745 tiat
206 707 456 758 simpliciter,
495 705 601 758 quod
639 705 679 743 in
708 711 842 743 mente
873 703 984 742 Lasci
1015 709 1110 741 erat.
1169 701 1276 746 Quae
1306 707 1439 739 tamen
1470 709 1585 750 parce

90 775 258 815 subinde
291 781 522 820 occurrunt,
548 774 763 813 Ecclesiam
789 773 904 812 nobis
926 772 1149 824 depingunt
1174 777 1243 809 aut
1269 770 1308 808 in
1336 769 1421 808 eius
1446 769 1495 808 ad
1522 780 1585 807 vc·

90 835 270 889 ritatem,
315 852 382 884 aut
426 845 475 883 ad
518 844 622 896 ipsos
665 843 823 888 fideles,
867 843 1111 894 potissimum
1157 847 1289 878 tamen
1333 840 1374 878 in
1413 838 1498 877 eius
1537 836 1587 876 ad

90 915 291 954 Christum
316 914 521 953 relatione.
568 913 626 951 Ad
652 913 821 964 primum
848 924 974 964 genus
999 910 1232 949 referendae
1258 915 1349 947 sunt
1374 908 1588 960 imagines,

92 985 131 1022 in
171 984 313 1035 quibus
351 983 524 1022 Ecclesia
564 983 677 1021 nobis
716 981 950 1033 proponitur
989 979 1112 1019 veluti
1154 979 1364 1017 »columna
1405 990 1448 1016 ac
1483 976 1588 1015 basis

93 1054 301 1093 »veritatis
320 1052 390 1105 ¹)‚''
429 1053 509 1090 sive
546 1058 732 1102 tanquam
769 1057 915 1088 »verae
947 1062 989 1087 ac
1021 1047 1204 1086 salutaris
1234 1046 1493 1085 doetrinae..
1523 1045 1589 1084 ob-

93 1123 317 1162 »servatrix
333 1121 396 1174 2).'’
452 1121 528 1172 Ipsi
559 1127 691 1159 autem
722 1119 859 1157 fideles
884 1118 1174 1169 respiciuntur,
1203 1116 1270 1155 ubi
1296 1115 1470 1154 Ecclesia
1496 1114 1590 1153 dici-

94 1199 159 1231 tur
184 1192 379 1235 ›xsocietas
404 1190 577 1228 filiorum
603 1188 672 1227 Dei
690 1188 760 1241 ³),”
790 1188 1042 1226 »communio
1067 1194 1296 1225 sanctorum
1314 1185 1368 1238 ¹¹)''
1393 1185 1455 1224 vel
1472 1184 1592 1223 etiam

93 1261 377 1313 »congregatio
416 1271 631 1311 puerorum
672 1257 933 1310 Abrahae5).”
992 1256 1156 1308 Saepius
1195 1263 1327 1294 tamen
1364 1255 1403 1292 in
1443 1266 1512 1292 sua
1544 1251 1593 1291 ad

92 1330 293 1369 Christum
323 1329 517 1367 relatione
548 1327 722 1366 Ecclesia
749 1333 970 1379 spectatur,
1000 1333 1040 1364 et
1067 1332 1161 1363 tunc
1186 1325 1346 1376 quidem
1373 1322 1594 1375 promiscue

91 1399 335 1443 celebratur,
380 1404 569 1448 tanquam
614 1397 769 1448 »ipsum
815 1408 983 1447 regnum
1027 1393 1173 1433 Christi
1217 1394 1258 1432 in
1303 1392 1420 1431 terris
1441 1390 1515 1444 6),”
1554 1395 1594 1429 et

92 1468 331 1520 »lmysticum
358 1466 504 1505 Christi
530 1478 671 1517 corpus
687 1465 759 1518 ⁷);”
790 1466 851 1503 vel
881 1465 1001 1503 etiam
1030 1464 1178 1502 fatetur
1208 1464 1227 1500 a
1260 1461 1404 1506 Laseo,
1434 1459 1594 1498 »Eccle-

94 1538 217 1576 »siam
255 1536 399 1574 Christi
439 1547 523 1573 esse
563 1541 707 1573 testem
724 1534 792 1586 8)‚'’
823 1534 904 1572 sive
934 1533 1106 1584 denique
1138 1532 1309 1570 »Christi
1340 1542 1521 1583 sponsam
1537 1528 1594 1582 ⁹)''

96 1606 215 1649 adeo,
254 1612 298 1643 ut
337 1603 661 1642 »matrimonium
700 1610 881 1641 nostrum
914 1609 1054 1654 typum
1085 1602 1283 1653 quendam
1314 1599 1422 1639 esse''
1453 1599 1594 1638 doceat

98 1674 399 1726 »desponsionis
428 1674 534 1712 inter
564 1672 764 1712 Christum
796 1679 836 1711 et
866 1671 1080 1711 Ecclesiam
1111 1671 1232 1722 ipsius
1251 1670 1309 1722 ¹⁰),

1315 1670 1338 1687 77

123 1814 150 1867 ᾗ
179 1815 213 1852 4.
253 1813 354 1852 Num
378 1811 597 1851 clistiizoeerz't
621 1812 719 1850 inter
746 1810 956 1850 Ecclesiam
980 1810 1162 1849 visibilem
1185 1814 1295 1861 atque
1316 1807 1569 1848 invisibilem?

153 1950 387 2002 Quicunque
431 1951 506 1989 rite
550 1950 760 1989 aestimare
805 1950 900 1988 velit
942 1949 1312 1992 commutationem,
1363 1961 1479 2000 quam
1527 1959 1598 1999 per

100 2034 297 2060 sacrorum
329 2019 436 2059 Saec.
466 2018 563 2058 XVIi
592 2019 912 2058 emendationem
937 2031 1074 2070 reapse
1105 2017 1303 2057 Ecclesiae
1333 2018 1476 2070 dogma
1506 2017 1595 2056 sub-

100 2090 167 2134 iit,
209 2090 382 2128 libenter
425 2089 618 2127 calculum
663 2100 776 2126 suum
816 2088 976 2126 adiiciet
1015 2087 1121 2126 hisce
1168 2086 1395 2125 Schenkelii
1445 2086 1596 2125 verbis:

103 2158 201 2197 »Die
231 2158 503 2196 Resormation
534 2170 617 2195 war
646 2157 773 2195 ihrem
800 2156 996 2195 Karakter
1021 2156 1120 2195 nach
1148 2155 1380 2195 wesentlich
1408 2154 1598 2194 Kirchen·

104 2228 432 2279 »verbesserungu
490 2225 554 2265 Sie
606 2239 691 2265 war
738 2225 882 2264 mithin
921 2226 986 2265 die
1026 2225 1219 2277 Negation
1260 2225 1330 2264 des
1368 2224 1599 2276 bisherigen

161 2432 186 2471 ι)
212 2432 269 2472 Ep.
296 2430 340 2462 ad
363 2432 435 2462 Seu.
460 2431 529 2461 Pol.
557 2430 634 2469 (Ser.
655 2431 720 2461 ant.
745 2429 807 2461 III.
834 2430 878 2460 1³.
904 2429 989 2468 100).

159 2486 183 2526 2)
208 2486 320 2517 Forma
344 2496 381 2517 ac
403 2489 464 2516 rat.
489 2486 560 2516 min.
586 2485 683 2516 Lond.
708 2494 738 2525 p.
763 2483 816 2517 74.
841 2483 887 2515 Cf.
916 2483 1017 2515 Tract.
1042 2483 1080 2514 de
1105 2483 1242 2514 Sacram.
1267 2481 1363 2523 praes.
1387 2491 1417 2522 p.
1445 2480 1495 2512 10.

161 2540 186 2580 3)
214 2540 325 2571 Forma
348 2550 385 2570 ae
407 2542 468 2571 rat.
493 2541 563 2571 min.
590 2539 688 2571 Loncl.
714 2550 743 2580 p.
769 2537 843 2571 167.

161 2596 186 2636 ⁴³)
217 2596 281 2627 Cat.
308 2595 405 2627 Lond.
431 2596 501 2627 mai.
525 2605 554 2636 p.
580 2595 631 2628 76.
657 2594 704 2625 Cf.
728 2595 839 2625 Forma
863 2603 900 2624 ae
922 2595 983 2624 rat.
1008 2593 1080 2625 min.
1110 2592 1204 2623 Lorzd.
1229 2602 1258 2633 p.
1287 2591 1359 2622 502.

163 2650 188 2690 5)
217 2651 316 2681 Tract.
341 2650 380 2681 de
403 2650 538 2681 Sacram.
563 2660 593 2690 p.
610 2650 678 2680 462.
769 2649 793 2688 6)
818 2649 874 2690 Ep.
899 2649 942 2679 ad
967 2649 1081 2680 Christ.
1105 2647 1168 2679 III.
1195 2644 1481 2687 (Scr.a⁷2t.11.2a.
1500 2644 1600 2684 687.).

163 2706 188 2746 7)
216 2706 328 2738 Forma
357 2716 394 2736 ac
422 2708 482 2736 rat.
514 2705 586 2736 min.
618 2704 716 2736 Δοκεῖ.
748 2704 829 2739 284,
861 2703 939 2742 342,
970 2704 1042 2735 501.
1066 2702 1105 2734 al.
1132 2703 1233 2734 Traet.
1259 2701 1297 2733 de
1320 2702 1457 2733 Sacram.
1481 2710 1510 2740 p.
1535 2699 1602 2730 62³.

83 2758 170 2803 sEp.
195 2762 240 2792 acl
265 2761 376 2792 (Vm-ist.
401 2760 462 2792 III.
489 2761 566 2799 (Ser.
591 2762 656 2792 ant.
680 2759 724 2791 Π.
750 2759 794 2790 2²¹.
820 2759 917 2798 685).

165 2816 190 2856 8)
216 2817 271 2858 Ep.
295 2816 339 2847 cccl
362 2817 431 2848 Sen.
455 2816 524 2846 Pol.
552 2814 604 2854 (ib.
628 2813 691 2844 ΙΙΙ.
716 2814 761 2846 1³.
787 2813 884 2852 108).

167 2871 191 2909 ⁹)
216 2871 273 2912 Ep.
298 2870 343 2901 ad
366 2870 477 2901 Christ.
500 2869 563 2900 III.
589 2867 641 2908 (ib.
666 2868 711 2899 Π.
737 2868 782 2899 22¹.
807 2867 906 2906 685.).

154 2925 193 2965 1⁰)
222 2925 323 2957 Tract.
347 2924 385 2955 de
410 2925 547 2956 Sacram.
570 2923 664 2964 praef.
692 2933 722 2963 p.
748 2922 799 2953 10.
