1879 3239
830 91 878 130 35

114 223 282 263 sessione
319 221 388 261 Dei
428 221 652 274 Christique
692 235 835 261 nomen
875 222 1095 263 celebraret
1126 223 1348 273 aliquando.
1407 221 1487 260 Hoc
1517 228 1601 260 tan-

113 299 195 331 tum
234 291 308 329 sibi
345 291 449 330 vult:
485 291 744 343 Euangelium
778 292 850 330 toti
881 292 1054 330 humano
1084 291 1221 343 generi
1253 291 1454 329 »oblatum
1484 291 1532 328 iri
1563 291 1603 329 in

114 360 413 400 »testimonium
445 361 629 401 omnibus
652 361 839 413 gentibus
854 361 932 413 ⁹),'’
961 362 1035 400 etsi
1061 360 1273 399 »Diabolus
1297 366 1336 398 ct
1361 359 1470 410 impii
1492 371 1603 397 num-

113 442 259 481 »,quam
283 429 461 469 defuturi
486 431 565 469 sint
593 443 715 482 usque
741 431 790 469 ad
816 429 935 469 finem
961 431 1117 470 dierum
1133 429 1214 483 ¹⁰).’'
1270 428 1340 468 Illo
1365 428 1513 468 funesti
1539 427 1604 465 die

114 498 322 538 »Christus
361 500 564 551 apparebit
602 500 642 538 in
671 499 820 539 mundo
851 500 899 538 ad
929 499 1228 550 exsequendum
1257 497 1448 537 iudicium
1478 496 1553 535 sibi
1584 508 1605 533 a

114 566 260 606 »Patre
295 569 548 613 mandatum,
586 576 625 607 et
664 576 840 608 satanem
870 581 958 608 cum
989 569 1118 620 impiis
1148 567 1330 607 omnibus
1359 570 1608 618 prosternet,

115 643 189 676 »ut
218 637 259 675 in
289 638 462 689 ipsorum
492 638 616 678 exitio
646 637 716 676 Dei
747 639 872 690 gloria
902 638 952 676 sit
982 638 1191 690 conspicua
1209 636 1292 690 ¹¹).''
1348 635 1392 674 In
1422 640 1607 687 promptu

115 712 175 745 est
217 707 438 746 istiusmodi
480 708 796 759 exspectationes
845 720 980 746 omncs
1023 715 1103 746 tam
1145 708 1286 746 intime
1328 718 1417 744 cum
1461 702 1609 743 Christi

116 777 298 827 parousia
338 789 422 816 esse
461 777 712 821 coniunctas,
755 784 797 815 ut
835 777 993 816 nonnisi
1023 777 1168 816 iniuria
1199 776 1248 815 ad
1277 776 1445 815 idealem
1477 773 1609 812 Eccle-

117 845 197 884 siae
237 845 483 885 reserrentur
521 847 736 885 notionem.
793 845 849 885 De
880 859 976 897 qua,
1006 847 1079 884 etsi
1105 847 1171 884 vix
1201 858 1244 884 ac
1273 858 1323 884 ne
1353 845 1419 884 vix
1449 843 1610 895 quidem

118 916 350 967 cogitavisse
379 916 563 955 videatur
591 915 794 960 Calvinus,
824 916 886 954 vel
917 916 971 953 sic
1003 922 1136 953 tamen
1166 915 1250 953 eius
1281 913 1519 952 sententiam
1546 924 1611 950 au-

118 997 262 1037 gurare
302 985 590 1036 quodammodo
628 985 721 1023 licet
760 997 808 1023 ex
839 984 906 1028 iis,
937 996 1036 1034 quae
1068 983 1116 1021 ad
1146 982 1199 1020 Io.
1230 981 1273 1020 X.
1305 983 1354 1021 46
1386 980 1614 1020 annotavit:

120 1070 135 1088 »ι
150 1052 255 1091 Haec
293 1053 412 1092 verba
451 1052 695 1105 significant,
725 1052 792 1090 ubi
832 1052 968 1090 subest
1007 1052 1076 1090 uni
1115 1051 1273 1090 Christo
1304 1050 1499 1095 Ecclesia,
1529 1050 1614 1088 eius

121 1123 315 1174 »imperio
344 1129 476 1173 paret,
505 1121 767 1172 doctrinaeque
796 1121 1001 1165 auscultat,
1036 1128 1131 1159 tunc
1161 1121 1321 1159 demum
1352 1121 1428 1158 rite
1458 1130 1612 1170 compo-

121 1192 267 1228 »situm
298 1203 380 1228 esse
410 1191 494 1229 eius
524 1197 671 1228 statum
699 1189 779 1242 l²).’'
837 1189 976 1228 Melius
1005 1190 1124 1228 etiam
1155 1197 1330 1228 mentem
1361 1188 1483 1241 ipsius
1514 1199 1614 1226 asse-

119 1259 277 1310 quimur
315 1259 356 1297 in
394 1259 580 1311 epistola,
610 1272 727 1310 quam
755 1259 863 1298 misit
893 1259 941 1298 ad
982 1258 1260 1304 Cranmerum,
1290 1259 1359 1297 ubi
1389 1271 1481 1310 prae
1512 1263 1616 1295 cete-

82 1371 85 1373 ,
118 1328 171 1366 ris
200 1334 341 1366 notatu
371 1327 490 1379 digna
520 1326 618 1366 haee
649 1328 769 1366 verba
799 1329 1009 1379 leguntur:
1054 1335 1199 1379 »atque
1230 1328 1381 1366 utinam
1408 1325 1615 1378 impetrari

120 1405 297 1448 »posset‚
326 1403 371 1435 ut
399 1397 441 1435 in
471 1397 601 1435 locum
633 1397 805 1448 aliquem
836 1397 942 1436 docti
973 1404 1012 1435 et
1043 1410 1182 1449 graves
1213 1397 1287 1436 viri
1319 1410 1367 1435 ex
1397 1395 1618 1449 praecipuis

119 1464 334 1504 »Ecclesiis
362 1466 536 1511 coirent,
567 1479 610 1505 ac
640 1466 806 1518 singulis
836 1466 929 1504 fidei
960 1466 1155 1518 capitibus
1181 1466 1397 1518 diligenter
1422 1465 1618 1509 excussis,

121 1535 195 1573 »de
223 1535 407 1574 communi
436 1535 601 1574 omnium
630 1535 815 1574 sententia
845 1539 984 1574 certam
1004 1535 1165 1586 posteris
1190 1535 1384 1574 traderent
1409 1534 1619 1585 scripturae

121 1604 361 1643 »doctrinam
378 1604 434 1657 ¹³).
490 1604 533 1643 In
565 1605 707 1655 quibus
739 1605 922 1643 omnibus
951 1605 1096 1643 mirum
1127 1617 1220 1643 sane
1251 1605 1361 1643 dictu
1391 1611 1470 1647 est,
1501 1615 1619 1654 quam

122 1673 282 1724 egregie
313 1673 386 1711 sibi
417 1673 600 1712 Calvinus
629 1673 875 1719 constiterit,
914 1680 954 1712 et
983 1674 1135 1712 stabilis
1165 1674 1216 1712 sit
1247 1674 1332 1712 eius
1362 1674 1402 1712 in
1433 1685 1502 1712 sua
1533 1685 1619 1711 sen-

125 1742 250 1780 tentia
288 1743 524 1793 permansio.
591 1741 808 1787 Nimirum,
858 1755 974 1794 quam
1015 1744 1093 1782 alte
1132 1742 1198 1781 hie
1238 1755 1393 1794 quoque
1439 1743 1620 1781 doctrina

122 1823 237 1850 suum
267 1819 386 1863 caput
417 1812 603 1856 extollat,
643 1813 745 1863 ipsa,
787 1812 930 1862 quibus
959 1813 1108 1856 utitur,
1149 1812 1270 1851 verba
1304 1812 1620 1863 luculentissime

123 1880 358 1925 ostendunt,
406 1887 446 1919 et
492 1893 584 1919 sane
624 1881 664 1919 in
704 1880 900 1926 Ecclesia,
949 1882 1011 1920 eui
1059 1882 1224 1920 ultimus
1262 1881 1352 1920 finis
1395 1882 1619 1934 propositus

122 1955 204 1994 est,
242 1956 287 1988 ut
323 1962 394 2001 per
428 1949 694 1989 indubitatam
735 1950 782 1989 ab
822 1951 961 1989 electis
1000 1951 1205 1989 doctrinae
1238 1951 1469 2002 praestitam
1500 1950 1620 1989 fidem

121 2018 198 2056 rite
228 2019 383 2057 colatur
412 2018 536 2064 Deus,
566 2019 887 2071 persectitudinis
921 2025 1068 2058 metam
1094 2021 1317 2059 necessarie
1347 2021 1388 2060 in
1413 2020 1621 2072 purissima

123 2085 328 2125 doctrinae
357 2087 572 2127 serenitate
603 2087 770 2139 positam
799 2099 905 2133 esse,
934 2088 1078 2127 clamat
1106 2100 1171 2128 res
1200 2089 1296 2140 ipsa.

578 2378 854 2419 CONCLUSIO
884 2378 1078 2419 CAPITIS
1106 2379 1151 2419 ΙΙ.

183 2499 354 2539 Ecclesia
381 2501 521 2553 dupleoe
549 2506 626 2542 est.-
655 2527 708 2532 -—
736 2504 860 2542 altera
889 2503 1212 2548 invisibilis,
1243 2506 1405 2554 quaeest
1421 2514 1622 2554 congyreya-

129 2568 178 2607 tio
218 2569 292 2608 sive
320 2581 453 2620 corpus
482 2571 680 2612 electorum
704 2573 853 2625 pariter
882 2573 1068 2618 onmium,
1108 2573 1188 2612 sinc
1216 2572 1295 2612 ullo
1328 2572 1397 2611 loci
1427 2572 1501 2621 sive
1534 2578 1620 2614 tem-

183 2756 207 2795 9)
235 2755 346 2787 Comm.
369 2756 403 2787 in
426 2756 541 2789 matth.
565 2757 679 2789 XXIV.
705 2758 747 2789 14
771 2760 802 2790 et
825 2758 870 2790 ad
890 2759 981 2791 Acta.
1006 2758 1034 2790 I.
1060 2759 1089 2789 6.

168 2809 207 2849 1⁰)
235 2812 346 2844 Comm.
371 2810 416 2842 ad
438 2811 454 2841 1
485 2811 534 2843 Co.
559 2810 625 2843 XV.
650 2812 701 2843 28.

167 2864 207 2905 ¹¹)
235 2866 346 2897 Comm.
371 2865 416 2896 ad
439 2865 455 2895 1
485 2865 533 2896 Co.
559 2865 624 2898 XV.
649 2865 701 2905 27,
727 2866 777 2898 28.
802 2866 840 2897 cf.
868 2866 977 2899 Comm.
1003 2866 1047 2898 ad
1069 2867 1088 2898 2
1112 2867 1167 2898 Pe.
1192 2865 1255 2899 ΠΙ.
1281 2867 1311 2900 9.

167 2919 208 2959 ¹²)
235 2920 345 2952 Comm.
370 2919 415 2952 ad
436 2920 481 2952 Io.
506 2919 544 2951 X.
569 2920 620 2951 16.
754 2920 795 2961 ¹³)
819 2921 878 2963 Ep.
906 2922 992 2954 Calo.
1017 2922 1078 2963 Op.
1101 2921 1189 2954 Tom.
1212 2921 1287 2954 be.
1311 2932 1341 2963 p.
1367 2922 1419 2954 61.

1453 2980 1490 3003 3.
